1895 3389
81 128 316 244 '132
568 151 1336 220 HISTORIA

372 331 1331 411 EXPERIMENTUM
1431 334 1515 404 X.

720 470 834 530 Die
881 470 1097 532 eadem.

323 594 564 666 Iuveni
600 596 918 664 columbae
959 595 1283 689 squallens
1320 596 1425 666 hic
1455 592 1681 665 bufun-

179 696 361 765 culus
412 696 490 761 ad
522 695 681 762 latus
721 696 1033 786 implume
1077 696 1560 785 applicabatur,
1614 696 1678 762 &

178 816 330 865 cum
364 795 464 859 ala
498 793 739 861 ibidem
767 793 1008 861 tamdiu
1061 793 1469 865 detinebatur
1495 845 1518 877 o
1568 795 1682 860 do-

181 915 304 963 nec
329 889 480 959 effet
512 906 813 960 mortuus.
884 890 1410 962 Observavimus
1440 893 1685 962 colum-

179 991 335 1060 bam
371 987 546 1057 fuiffe
579 991 893 1074 humore,
945 1011 1140 1081 quem
1182 990 1286 1059 hic
1320 1011 1410 1058 ex
1441 992 1683 1082 postica

180 1111 366 1182 parte
404 1091 698 1156 emittere
733 1087 945 1175 solet,
997 1086 1506 1180 conspurcatam.
1540 1087 1684 1157 Ne·

182 1210 313 1279 que
342 1200 557 1254 tamen
589 1187 900 1255 columba
936 1185 1182 1257 exinde
1211 1186 1354 1253 laesa
1382 1187 1487 1254 est.

342 1363 1298 1444 EXPERIMENTUM
1397 1367 1514 1438 XI.

630 1501 745 1560 Die
798 1521 891 1586 19.
939 1502 1212 1579 ejusdem.

211 1665 215 1669 -
329 1622 664 1719 Inregrum
724 1629 919 1693 talem
964 1626 1432 1715 bufunculum‚
1499 1624 1690 1715 adipe

184 1724 410 1795 illitum
435 1777 455 1808 ‚
511 1726 740 1791 vivum
774 1727 916 1792 ‘cani
945 1725 1400 1794 devorandum
1427 1724 1617 1810 dedi3
1637 1725 1691 1790 is

186 1845 361 1892 vero
396 1821 545 1890 inde
589 1844 718 1891 non
762 1826 966 1917 magis
1012 1822 1188 1890 laesus
1224 1824 1315 1892 est
1351 1875 1374 1908 .,
1425 1844 1612 1915 quam
1648 1819 1691 1887 fi

186 1923 377 1990 aliam
420 1941 683 1986 carnem
737 1919 1036 1988 voraffet.
1135 1920 1415 1991 Servavi
1463 1941 1692 1987 canem

185 2015 399 2088 adhuc
427 2015 629 2107 longo
658 2029 962 2105 tempore
992 2020 1054 2086 in
1081 2039 1232 2087 meo
1264 2017 1590 2098 cubiculo,
1609 2039 1689 2084 ne

188 2112 396 2207 poffet
438 2135 543 2179 me
598 2110 796 2181 inscio
837 2137 1240 2186 revomere:
1294 2136 1527 2186 verum
1567 2135 1689 2182 nec

188 2211 522 2283 nauseavit
551 2212 835 2305 quidem.

333 2392 1098 2468 EXPERIMENT
1126 2391 1294 2467 UM
1389 2391 1544 2462 XII.

639 2527 751 2588 Die
799 2537 896 2602 28.
943 2529 1214 2605 ejusdem.

346 2686 593 2755 Curavi
623 2690 958 2781 apportari
998 2713 1208 2761 novas
1239 2689 1427 2782 sepes
1469 2738 1493 2772 o
1543 2707 1693 2755 cum

189 2787 252 2855 in
289 2782 530 2875 Exper.
573 2784 689 2853 W.
735 2785 1023 2856 vidiffem
1053 2839 1075 2871 .,
1125 2790 1263 2859 haec
1311 2787 1691 2858 animalcula

191 2881 319 2951 ess‘e
365 2904 566 2950 veros
620 2884 873 2977 lapides
908 2885 1130 2977 lydios
1162 2889 1390 2956 omnis
1437 2883 1689 2952 veneni.

195 2977 492 3049 Adhibui
522 3001 737 3051 autem
768 2999 932 3064 desa,
973 3001 1040 3053 ut
1074 2984 1242 3054 hunc
1274 2982 1688 3051 bufunculum

195 3074 685 3149 demorderent:
737 3079 967 3176 singula
1002 3082 1202 3152 statim
1235 3107 1268 3152 a
1291 3078 1501 3150 morsu
1528 3075 1689 3143 sum·

1427 3194 1600 3245 mam
