1895 3389
308 163 444 238 208
705 135 1453 221 HlS's·oR1A

302 335 1362 411 EXPERIMENTUM
1489 341 1788 414 LXXXI.

853 469 965 531 Die
1011 471 1231 533 eadem.

442 595 611 665 Cum
646 596 706 663 in
734 598 956 691 primis
987 599 1205 667 nostris
1235 620 1383 668 cum
1414 595 1787 690 hacvipera

294 692 593 784 susceptis
629 698 1091 787 experimentis
1119 695 1487 767 videremus
1518 695 1787 789 lethales

296 793 542 863 morsus
572 796 630 860 in
662 809 928 864 externa
958 798 1254 887 corporis
1300 794 1630 888 superficie
1664 798 1784 864 vix

294 890 383 959 sui
411 892 745 987 Vestigium
768 894 1167 987 relinquere,
1196 892 1450 964 effoetos
1478 909 1783 964 Verotan-

294 1004 366 1058 to
411 992 688 1078 majores
736 993 961 1086 plagas
1003 993 1239 1062 lividas
1282 992 1541 1062 causare
1571 1042 1596 1075 .,
1651 1015 1782 1084 quo

292 1091 497 1158 minus
524 1088 1040 1181 symptomatum
1074 1093 1402 1175 excitent,
1448 1112 1616 1173 non„
1645 1112 1780 1157 cre·

293 1186 386 1254 dc)
410 1237 432 1269 ‚
463 1191 633 1256 male
666 1187 1122 1272 εὀηςΙυΓιιτιιιε9
1152 1191 1387 1258 veneni
1419 1187 1785 1257 vimibista·

278 1287 409 1353 vtim
449 1284 530 1353 ad
571 1287 874 1355 interiora
921 1289 1285 1358 translatam
1334 1288 1604 1355 vitalem
1652 1307 1783 1354 ma*

291 1381 546 1452 chinam
582 1382 958 1477 perdidiffe.,
1003 1382 1113 1454 hic
1143 1408 1310 1455 vero
1349 1386 1413 1454 in
1449 1384 1783 1476 superficie

290 1503 625 1553 remanens
654 1505 784 1548 non
839 1482 1123 1552 salutaffe
1176 1485 1523 1563 interiora,
1587 1485 1782 1549 adeo·

292 1601 422 1671 que
437 1601 556 1646 nec
585 1581 816 1648 mortis
833 1579 1099 1648 attuliffe
1128 1578 1580 1646 necessitatem.
1596 1578 1782 1647 Ten-

285 1679 612 1757 tavimu3‚
669 1697 747 1742 an
791 1698 915 1744 non
966 1674 1294 1766 poffemus
1356 1675 1593 1742 veneni
1641 1679 1780 1743 Vim

286 1775 558 1844 admoto
598 1773 773 1842 ferro
818 1774 1131 1842 candente
1178 1773 1290 1838 vel
1341 1774 1398 1840 in
1444 1770 1780 1862 superficie

283 1877 564 1946 retinere
580 1923 602 1955 .,
621 1873 733 1940 Vel
753 1872 992 1940 ibidem
1021 1870 1470 1940 comburendo
1497 1872 1777 1941 destrue-

282 1996 389 2040 re:
436 1993 665 2038 verum
704 1971 769 2036 ἃ
812 1970 965 2040 istud
1002 1984 1320 2036 tentamen
1369 1967 1778 2049 frustraneum

287 2069 441 2150 fuit,
468 2088 615 2134 nam
639 2064 769 2133 hoc
804 2089 1065 2158 quoque
1092 2067 1319 2132 animal
1368 2086 1515 2131 cum
1556 2065 1773 2158 symp-

282 2166 636 2235 tomatibus
666 2163 957 2256 priorum
979 2215 1005 2248 .,
1034 2164 1096 2233 &
1132 2167 1288 2232 intra
1319 2162 1485 2230 idem
1517 2178 1774 2257 tempus

279 2266 530 2336 interiit.

328 2441 856 2520 EXPERIM
873 2444 1023 2521 EN
1044 2445 1286 2519 TUM
1386 2444 1726 2522 LXXXII.

837 2578 1060 2641 Eadem
1108 2580 1215 2642 die.

430 2705 530 2777 Ita
571 2722 743 2776 ve‘ro
790 2702 1279 2796 desperavimus
1329 2705 1412 2774 de
1455 2702 1761 2773 antidoto,

283 2805 902 2875 Communicaverat
925 2824 1093 2871 Vero
1123 2806 1305 2876 Rev.
1352 2803 1419 2870 P.
1457 2801 1772 2870 HOHEN·

280 2926 575 2974 WARTH
630 2902 1053 2971 Historiarum
1097 2906 1157 2971 in
1208 2901 1510 2995 Collegio
1553 2898 1765 2967 Nobi-

277 3008 431 3073 lium
457 3000 857 3070 Therefiano
883 2998 1241 3084 Profestor.,
1267 2999 1566 3069 Historiae
1591 3009 1766 3061 natu-

281 3102 430 3173 ralis
456 3098 664 3171 cultor
692 3099 960 3170 affiduus
991 3096 1456 3172 aristolochiam
1485 3091 1765 3264 {tinguit-”i-

1531 3213 1672 3276 am,
