1895 3389
441 200 1341 275 REPTILIUM.'
1487 165 1620 316 2⁴03

161 378 484 453 secundus.
564 377 844 468 Quartus
890 374 1053 466 saepe
1095 376 1352 467 prorsus
1392 375 1632 444 nullum

163 478 365 548 attulit
396 474 873 545 incommodum
900 475 1150 542 animali
1181 470 1409 541 morso.
1463 473 1633 542 Con-

158 573 571 645 eludebamus
600 571 831 639 exinde
859 620 881 653 ,
932 592 1253 639 venenum
1283 568 1491 641 morsu
1522 590 1635 637 ex-

160 672 391 744 hauriri
417 718 441 752 9
489 669 634 737 hinc
663 668 743 740 ad
774 670 1221 758 experimenta
1262 667 1494 760 singula
1536 690 1634 735 re·

160 782 417 840 centem
435 772 724 856 viperam
751 763 1001 855 semper
1029 764 1454 834 adhibendam
1479 763 1642 852 effe3

158 867 302 961 post
355 867 603 931 sextum
657 874 915 944 tamen,
995 861 1418 954 septimumve
1469 862 1641 931 diem

161 962 657 1034 observavimus
700 963 965 1049 primam
993 961 1237 1049 viperis
1279 958 1640 1027 lethiferam

160 1062 531 1131 efficaciam
561 1056 809 1126 rediiffe
835 1107 859 1141 .,
926 1067 1104 1149 gutta
1145 1057 1467 1147 pellucida
1509 1058 1643 1124 niti-

55 1202 59 1205 ·
162 1160 244 1227 da
275 1205 296 1239 .,
361 1154 536 1221 flava
592 1155 972 1247 plerumque
1023 1153 1382 1222 luculenter
1423 1151 1643 1221 secun-

165 1255 319 1323 dum
363 1252 619 1320 dentem
643 1300 666 1332 .,
716 1252 867 1320 dum
913 1271 1060 1319 eum
1099 1251 1180 1317 ad
1220 1249 1502 1318 morsum
1531 1269 1644 1316 ex-

163 1352 360 1420 tendit
391 1399 412 1430 .,
476 1347 809 1418 defluente.
881 1349 1116 1419 Parum
1156 1369 1262 1415 me
1305 1344 1644 1437 praestitisse

165 1444 566 1516 credidissem
596 1495 619 1529 ,
672 1443 713 1510 fi
754 1444 850 1514 his
893 1446 1358 1533 experimentis
1388 1463 1648 1513 conten-

162 1559 263 1612 tus
288 1539 528 1608 fuissem
545 1591 569 1626 ,
620 1540 771 1608 licet
795 1542 1086 1609 viderem
1110 1593 1134 1625 ‚
1178 1541 1336 1607 alios
1373 1539 1470 1608 his
1498 1538 1647 1609 solis

167 1639 475 1708 summam
514 1636 782 1701 nominis
827 1638 1173 1702 claritatem
1207 1685 1231 1718 .,
1284 1637 1350 1703 &
1387 1638 1648 1721 immor-

166 1737 469 1805 talitatem
508 1730 990 1821 consequut083
1057 1730 1167 1799 sed
1209 1734 1388 1801 volui
1435 1733 1514 1800 ad
1557 1733 1648 1800 ul-

168 1833 405 1903 teriora
456 1827 758 1921 progredi
784 1878 808 1911 ,
883 1850 1005 1896 nec
1074 1826 1311 1897 ceffare
1339 1880 1363 1913 o
1438 1830 1648 1900 donec

168 1933 371 2000 vitam
416 1926 751 1995 humanam
793 1947 979 1994 novo
1008 1974 1032 2009 o
1097 1941 1410 2017 certoque
1452 1929 1653 2010 muni«⁷

171 2025 404 2096 viffem
447 2021 747 2091 antidoto.
822 2020 1351 2104 Medicamenta,
1415 2006 1480 2089 ifl
1518 2025 1652 2115 qui-

170 2124 292 2192 bus
336 2121 618 2189 maxime
659 2117 1038 2208 sperandum
1087 2117 1212 2188 effe
1269 2119 1650 2205 videbatur9

173 2233 352 2290 erant
394 2218 508 2287 vel
553 2213 837 2287 maxime
884 2215 1027 2285 olea
1072 2212 1294 2308 preffa.

262 2417 1192 2497 EXPERIMENTUM
1287 2391 1580 2494 LXXIII.

575 2576 689 2640 Die
724 2599 760 2643 2
764 2597 818 2662 5.
847 2578 1220 2644 Novembris.

324 2720 648 2814 Quoniam
701 2723 910 2818 Angli
964 2737 1135 2793 tanta
1198 2720 1502 2793 miracula
1563 2738 1655 2788 ex

178 2817 330 2886 oleo
377 2818 700 2888 olivarum
744 2830 964 2891 contra
1013 2819 1184 2890 suam
1226 2825 1521 2912 viperam
1562 2820 1656 2885 vi-

177 2913 398 2982 dissent
427 2965 450 2997 ‚
499 2917 680 2984 volui
718 2919 1068 2988 efficaciam
1113 2918 1390 3008 ejusdem
1435 2927 1656 2985 contra

177 3010 343 3080 hanc
397 3009 593 3102 ipsam
637 3034 899 3109 quoque
943 3020 1281 3107 experiri3
1349 3012 1656 3106 quamob-

181 3130 314 3181 rem
358 3110 651 3185 cuniculo
697 3111 759 3183 &
816 3114 1132 3187 columbae
1187 3113 1378 3185 fimile
1436 3111 1654 3178 oleum

1468 3226 1555 3270 m-
