1895 3389
230 206 367 274 114
595 182 1343 253 HISTORIA

220 351 570 435 exsudare„
622 350 911 421 &totum
940 350 1070 423 late
1106 354 1467 424 cubiculum
1494 351 1700 425 odore

220 453 333 522 suo
361 448 758 520 ambrofiaco
786 450 1053 539 replere.

363 585 594 654 Altera
623 597 829 652 tamen
850 582 955 649 die
985 584 1260 678 nispe&
1295 584 1595 654 columba
1614 587 1699 654 ni-

219 682 310 753 hil
337 685 697 751 mutationis
731 679 1074 769 exhibuit,
1127 682 1231 752 etsi
1265 687 1470 777 pridie
1509 685 1705 752 valde

221 781 501 854 rubuerit
531 800 619 849 ex
649 776 910 848 affrichs.

367 913 559 982 Canis
601 933 766 983 vero
808 915 868 982 in
906 914 1056 983 loco
1095 964 1118 998 ‚
1165 916 1269 984 cui
1310 912 1466 984 bufo
1498 912 1704 1005 pridie

220 1013 574 1105 applicatus
605 1009 731 1092 est,
781 1034 943 1080 nunc
959 1012 1093 1099 jam
1123 1011 1384 1081 crebras
1412 1011 1706 1081 exhibuit

220 1110 543 1203 pustulas,
593 1127 735 1197 quae
781 1111 1060 1177 secundo
1098 1109 1229 1217 jam
1260 1109 1362 1176 die
1392 1131 1549 1200 pure
1583 1123 1708 1176 tur-

221 1207 511 1299 gebant,
563 1203 629 1269 &
685 1205 823 1271 latis
875 1207 1132 1274 demum
1169 1207 1328 1273 inter
1363 1205 1422 1272 se
1455 1206 1706 1298 plagis,

219 1326 380 1398 pure
414 1300 525 1370 sub
556 1314 702 1368 cute
730 1299 1187 1406 proserpente,
1236 1300 1658 1372 confluebant.

403 1478 1337 1556 EXPERIMENTUM
1436 1479 1557 1551 ll.-

680 1610 788 1669 Die
838 1627 931 1694 17·
980 1609 1231 1687 Augusti.
1325 1698 1327 1700 Ι

366 1732 466 1804 Ut
514 1735 790 1824 repetito
835 1736 1289 1824 experimento
1325 1734 1526 1827 magis
1557 1756 1706 1804 con-

224 1836 445 1916 staret,
496 1854 573 1899 an
607 1830 710 1898 hic
748 1830 906 1898 bufo
937 1832 1252 1899 columbis
1282 1835 1587 1902 innocuus
1616 1834 1706 1919 sit,

223 1930 424 2002 inflixi
467 1927 918 2017 longitudinaie
972 1929 1205 1995 vulnus
1260 1928 1491 1998 femori
1545 1928 1700 2018 ejus-

223 2029 376 2097 dem
420 2021 737 2093 columbae
770 2070 794 2104 .,
859 2042 1000 2115 quae
1044 2025 1247 2114 pridie
1298 2028 1705 2114 experimen-
1769 2044 1775 2048 ·

225 2141 360 2195 tum
394 2119 791 2206 sustinuerat3
842 2123 1028 2212 eique
1060 2118 1356 2200 (huncio,
1408 2124 1704 2201 eundem,

223 2243 350 2314 qua
411 2232 594 2311 parte
652 2218 936 2285 maxime
978 2217 1358 2286 verrucosus
1405 2217 1537 2301 est,
1584 2239 1704 2309 per

223 2317 506 2391 notabile
533 2327 783 2404 tempus
820 2315 1095 2404 applicui
1137 2314 1459 2385 bufonem.

371 2414 832 2485 Verumtamen
864 2412 1096 2480 vulnus
1134 2408 1316 2481 bonae
1345 2428 1509 2482 notae
1537 2432 1704 2483 man·

226 2512 328 2600 fit,
379 2513 444 2583 &
472 2510 600 2580 cito
633 2505 1095 2577 consolidatum
1131 2511 1235 2579 est.

399 2686 1329 2764 EXPERIMENTUM
1425 2687 1525 2765 ΠΙ.

593 2820 710 2883 Die
736 2822 828 2891 16.
859 2821 914 2881 δι
939 2817 1049 2901 seq.
1071 2819 1326 2898 Augusti„

377 2975 454 3048 In
502 2982 719 3072 primo
786 2983 1285 3071 experimenr0‚
1335 2999 1478 3048 cum
1515 2975 1698 3045 bufo-

229 3096 378 3145 num
405 3081 845 3171 experimenta
895 3099 1019 3174 nos
1059 3076 1336 3146 nondum
1371 3077 1512 3144 satis
1554 3096 1695 3142 cau-

1513 3187 1614 3237 tos
