1895 3389
491 152 1366 222 REPTILIUM.
1518 173 1645 242 117

206 347 308 393 me
336 334 520 389 acuto
554 316 664 386 suo
693 319 890 386 rostro
935 339 1231 387 verrucas
1263 319 1420 410 ipsas
1453 320 1649 410 impe-

206 434 343 486 tere
369 417 576 505 coepit.
629 413 893 507 Singulo
925 413 1048 482 ielu
1065 416 1392 504 rejiciebat
1419 418 1479 484 in
1495 439 1609 485 nos
1623 464 1649 499 ‚

201 517 263 581 δι
294 513 806 605 quaquaverlum
825 511 1192 601 particulam
1225 536 1258 580 a
1266 512 1470 596 ibam„
1499 533 1650 605 prae-

198 626 294 678 ter
328 631 514 700 quam
560 611 747 679 etiam
787 606 914 696 ipse
955 608 1291 721 quidquam
1338 611 1650 702 deglutire

196 707 574 774 Videbatur:
625 728 748 772 non
778 698 870 772 fat
858 705 963 771 ile
992 710 1313 796 pepercit„
1346 724 1452 774 aut
1482 707 1653 773 dimi-

196 802 266 869 nt
300 800 618 869 bufonem.
713 802 862 873 Post
901 807 1409 891 experimentum
1442 815 1653 870 tamen

195 897 351 964 bufo
387 899 620 965 nullum
651 893 895 966 visibile
926 901 1154 966 Vulnus
1180 899 1658 991 habuit3neque

195 1015 382 1083 parus
423 992 556 1082 ipse
601 997 837 1062 exinde
882 994 1055 1064 laesus
1109 994 1230 1067 elie
1276 997 1663 1079 videbatur„

194 1090 303 1158 sed
337 1093 530 1157 ambo
560 1089 681 1158 sani
710 1090 1257 1182 supervixerunt.

346 1201 1302 1294 EXPERIMENTUM
1395 1182 1509 1291 VJ.

744 1315 852 1379 Die
893 1318 1104 1380 eadem.

332 1399 752 1484 331101031111.1
801 1426 877 1470 ac
905 1405 1194 1492 plurimo
1199 1405 1435 1512 glutine
1469 1401 1665 1493 squal-

200 1497 403 1566 lentes
433 1495 709 1567 bufones
735 1503 964 1588 partim
1001 1497 1190 1579 laeti,
1238 1504 1463 1589 partim
1488 1521 1673 1588 aquae

190 1592 650 1675 commilitum,
701 1596 768 1662 &
800 1617 921 1688 per
957 1618 1144 1679 unam
1179 1598 1536 1663 alteramve
1551 1595 1666 1677 ho-

191 1711 327 1758 ram
356 1689 743 1778 reliquimus.
837 1690 1014 1771 Lac⁹
1065 1690 1165 1756 cui
1195 1689 1522 1758 immersus
1554 1692 1670 1758 bu-

193 1785 261 1853 fo
293 1801 429 1852 erat
464 1835 484 1869 ‚
533 1782 642 1850 feli
669 1807 741 1851 ac
792 1787 931 1866 cani
974 1787 1034 1850 in
1081 1807 1155 1851 os
1196 1785 1664 1854 infundebatur:

191 1897 463 1950 attamen
493 1882 659 1947 nulla
687 1881 960 1970 'sequuta
989 1879 1249 1949 sensibili
1284 1884 1668 1966 mutatione,

190 1981 340 2067 quin
370 1979 607 2043 alacres
643 1978 800 2042 inter
832 1975 896 2043 se
928 1976 1254 2063 luserunt,
1305 1979 1370 2046 &
1413 1977 1673 2045 mandu-

188 2087 410 2142 carunt
451 2120 474 2153 ,
550 2085 616 2139 nt
662 2087 802 2140 ante
853 2072 1163 2142 solebant
1255 2077 1458 2166 Aqua
1505 2094 1673 2141 vero

192 2168 357 2259 ipsa,
406 2171 466 2233 in
493 2189 617 2275 qua
650 2167 804 2235 buro
832 2170 1218 2260 aliquamdiu
1248 2166 1670 2256 detinebatur,

201 2286 350 2332 cum
378 2263 518 2330 cani
567 2259 902 2333 offerretur
952 2314 976 2348 .,
1039 2265 1144 2334 ille
1179 2268 1441 2359 quidem
1468 2266 1674 2333 tantll

74 2444 79 2451 ¹
192 2361 323 2457 lum
355 2355 807 2450 pergustavit5
835 2383 1064 2430 verum
1098 2362 1224 2431 cito
1258 2366 1322 2432 &
1351 2385 1498 2431 cum
1527 2360 1671 2431 hor-

192 2479 342 2526 rore
389 2479 464 2524 ac
506 2473 787 2524 tremore
830 2461 1019 2526 totius
1081 2463 1373 2549 corporis
1415 2459 1677 2551 aufugit.

195 2554 529 2643 Adeoque
561 2555 700 2618 cani
740 2555 800 2620 in
828 2577 902 2622 os
925 2553 1117 2622 infusa
1143 2556 1258 2623 est:
1310 2577 1443 2649 quo
1472 2554 1675 2644 11810,

192 2651 403 2740 primo
463 2652 762 2716 maximae
821 2652 1153 2719 anxietatis
1203 2651 1370 2746 figna
1423 2651 1673 2736 edem,

188 2749 383 2834 paulo
429 2742 567 2835 post
594 2748 878 2832 vomuit,
927 2769 1005 2815 ac
1030 2745 1432 2818 fiemeticum
1466 2746 1681 2856 sump-

187 2840 364 2911 sisset.
501 2839 836 2911 Columbae
882 2857 1095 2910 tamen
1138 2845 1407 2915 eandem
1446 2844 1674 2938 aquarii
1777 2924 1782 2927 ,
1847 2850 1854 2857 ’

192 2940 255 3005 111
312 2937 601 3029 ingluvie
645 2939 1150 3026 conservarunt,
1211 2964 1422 3035 neque
1485 2962 1674 3017 revo‘·

194 3048 529 3158 muerunt,
581 3054 698 3102 nec
723 3036 890 3201 ahoH
878 3037 1079 3106 modo
1109 3039 1255 3109 inde
1280 3039 1440 3110 laesae
1472 3039 1637 3203 frigit.

948 3154 978 3219 3
1434 3143 1496 3204 E
