<?xml version="1.0" encoding="UTF-8"?>
<!DOCTYPE html PUBLIC "-//W3C//DTD XHTML 1.0 Transitional//EN"
    "http://www.w3.org/TR/xhtml1/DTD/xhtml1-transitional.dtd">
<html xmlns="http://www.w3.org/1999/xhtml" xml:lang="en" lang="en">
 <head>
  <title>
</title>
<meta http-equiv="Content-Type" content="text/html;charset=utf-8" />
  <meta name='ocr-system' content='tesseract 3.04.00' />
  <meta name='ocr-capabilities' content='ocr_page ocr_carea ocr_par ocr_line ocrx_word'/>
</head>
<body>
  <div class='ocr_page' id='page_1' title='image "./specimenmedicume00laur_0210.png"; bbox 0 0 1895 3389; ppageno 0'>
   <div class='ocr_carea' id='block_1_1' title="bbox 234 153 1359 238">
    <p class='ocr_par' dir='ltr' id='par_1_1' title="bbox 234 153 1359 238">
     <span class='ocr_line' id='line_1_1' title="bbox 234 153 1359 238; baseline 0.006 -22"><span class='ocrx_word' id='word_1_1' title='bbox 234 165 382 238; x_wconf 82' lang='lat'><strong>204</strong></span> <span class='ocrx_word' id='word_1_2' title='bbox 608 153 1359 225; x_wconf 73' lang='lat' dir='ltr'>HISTORIA</span> 
     </span>
    </p>
   </div>
   <div class='ocr_carea' id='block_1_2' title="bbox 230 317 1735 612">
    <p class='ocr_par' dir='ltr' id='par_1_2' title="bbox 230 317 1735 612">
     <span class='ocr_line' id='line_1_2' title="bbox 232 317 1734 416; baseline 0.01 -27"><span class='ocrx_word' id='word_1_3' title='bbox 232 317 632 408; x_wconf 57' lang='lat' dir='ltr'><strong>inqeffimu8‚</strong></span> <span class='ocrx_word' id='word_1_4' title='bbox 683 322 749 390; x_wconf 86' lang='lat'>&amp;</span> <span class='ocrx_word' id='word_1_5' title='bbox 799 323 996 414; x_wconf 87' lang='lat' dir='ltr'><strong>paulo</strong></span> <span class='ocrx_word' id='word_1_6' title='bbox 1037 329 1180 416; x_wconf 86' lang='lat' dir='ltr'><strong>post</strong></span> <span class='ocrx_word' id='word_1_7' title='bbox 1222 327 1511 401; x_wconf 87' lang='lat' dir='ltr'><strong>morderi</strong></span> <span class='ocrx_word' id='word_1_8' title='bbox 1559 354 1734 404; x_wconf 80' lang='lat' dir='ltr'><strong>cura-</strong></span> 
     </span>
     <span class='ocr_line' id='line_1_3' title="bbox 231 420 1735 502; baseline 0.011 -16"><span class='ocrx_word' id='word_1_9' title='bbox 231 420 446 486; x_wconf 83' lang='lat' dir='ltr'>vimus</span> <span class='ocrx_word' id='word_1_10' title='bbox 481 443 497 486; x_wconf 90' lang='lat'><strong>:</strong></span> <span class='ocrx_word' id='word_1_11' title='bbox 561 440 797 489; x_wconf 87' lang='lat' dir='ltr'><strong>verum</strong></span> <span class='ocrx_word' id='word_1_12' title='bbox 835 421 967 492; x_wconf 82' lang='lat' dir='ltr'><strong>hoc</strong></span> <span class='ocrx_word' id='word_1_13' title='bbox 1017 446 1143 492; x_wconf 89' lang='lat' dir='ltr'><strong>non</strong></span> <span class='ocrx_word' id='word_1_14' title='bbox 1184 426 1473 499; x_wconf 73' lang='lat' dir='ltr'><strong>obstante</strong></span> <span class='ocrx_word' id='word_1_15' title='bbox 1521 442 1735 502; x_wconf 82' lang='lat' dir='ltr'><strong>tamen</strong></span> 
     </span>
     <span class='ocr_line' id='line_1_4' title="bbox 230 516 1250 612; baseline 0.009 -29"><span class='ocrx_word' id='word_1_16' title='bbox 230 516 427 607; x_wconf 84' lang='lat' dir='ltr'><strong>paulo</strong></span> <span class='ocrx_word' id='word_1_17' title='bbox 463 516 607 610; x_wconf 85' lang='lat' dir='ltr'><strong>post</strong></span> <span class='ocrx_word' id='word_1_18' title='bbox 645 520 809 612; x_wconf 81' lang='lat' dir='ltr'><strong>rapti</strong></span> <span class='ocrx_word' id='word_1_19' title='bbox 856 520 991 590; x_wconf 87' lang='lat' dir='ltr'><strong>sunt</strong></span> <span class='ocrx_word' id='word_1_20' title='bbox 1035 522 1250 593; x_wconf 81' lang='lat' dir='ltr'><strong>ambo,</strong></span> 
     </span>
    </p>
   </div>
   <div class='ocr_carea' id='block_1_3' title="bbox 342 697 1637 783">
    <p class='ocr_par' dir='ltr' id='par_1_3' title="bbox 342 697 1637 783">
     <span class='ocr_line' id='line_1_5' title="bbox 342 697 1637 783; baseline 0.008 -13"><span class='ocrx_word' id='word_1_21' title='bbox 342 697 1269 781; x_wconf 87' lang='lat' dir='ltr'><em>EXPERIMENTUM</em></span> <span class='ocrx_word' id='word_1_22' title='bbox 1334 710 1637 783; x_wconf 83' lang='lat' dir='ltr'><em>LXXIV.</em></span> 
     </span>
    </p>
   </div>
   <div class='ocr_carea' id='block_1_4' title="bbox 795 855 1172 925">
    <p class='ocr_par' dir='ltr' id='par_1_4' title="bbox 795 855 1172 925">
     <span class='ocr_line' id='line_1_6' title="bbox 795 855 1172 925; baseline 0.024 -10"><span class='ocrx_word' id='word_1_23' title='bbox 795 855 907 916; x_wconf 85' lang='lat' dir='ltr'><strong>Die</strong></span> <span class='ocrx_word' id='word_1_24' title='bbox 952 861 1172 925; x_wconf 85' lang='lat' dir='ltr'><strong>eadem.</strong></span> 
     </span>
    </p>
   </div>
   <div class='ocr_carea' id='block_1_5' title="bbox 227 986 1735 2332">
    <p class='ocr_par' dir='ltr' id='par_1_5' title="bbox 227 986 1735 2332">
     <span class='ocr_line' id='line_1_7' title="bbox 376 986 1734 1087; baseline 0.01 -31"><span class='ocrx_word' id='word_1_25' title='bbox 376 986 716 1060; x_wconf 81' lang='lat' dir='ltr'><strong>Eventum</strong></span> <span class='ocrx_word' id='word_1_26' title='bbox 758 993 1464 1087; x_wconf 78' lang='lat' dir='ltr'><strong>priorisexperimenti</strong></span> <span class='ocrx_word' id='word_1_27' title='bbox 1523 1002 1587 1068; x_wconf 92' lang='lat' dir='ltr'><strong>in</strong></span> <span class='ocrx_word' id='word_1_28' title='bbox 1649 1001 1734 1069; x_wconf 92' lang='lat' dir='ltr'><strong>ni-</strong></span> 
     </span>
     <span class='ocr_line' id='line_1_8' title="bbox 229 1086 1731 1184; baseline 0.008 -29"><span class='ocrx_word' id='word_1_29' title='bbox 229 1086 350 1155; x_wconf 88' lang='lat' dir='ltr'><strong>mis</strong></span> <span class='ocrx_word' id='word_1_30' title='bbox 400 1110 677 1180; x_wconf 78' lang='lat' dir='ltr'><strong>parvam</strong></span> <span class='ocrx_word' id='word_1_31' title='bbox 725 1092 853 1159; x_wconf 88' lang='lat' dir='ltr'><strong>olei</strong></span> <span class='ocrx_word' id='word_1_32' title='bbox 902 1098 1320 1184; x_wconf 77' lang='lat' dir='ltr'>quantitatem</span> <span class='ocrx_word' id='word_1_33' title='bbox 1367 1098 1731 1184; x_wconf 74' lang='lat' dir='ltr'><strong>rejecimus:</strong></span> 
     </span>
     <span class='ocr_line' id='line_1_9' title="bbox 227 1185 1735 1288; baseline 0.008 -35"><span class='ocrx_word' id='word_1_34' title='bbox 227 1185 494 1253; x_wconf 80' lang='lat' dir='ltr'><strong>multam</strong></span> <span class='ocrx_word' id='word_1_35' title='bbox 537 1209 698 1279; x_wconf 77' lang='lat' dir='ltr'><strong>ergo</strong></span> <span class='ocrx_word' id='word_1_36' title='bbox 724 1187 1123 1283; x_wconf 81' lang='lat' dir='ltr'><strong>diligentiam</strong></span> <span class='ocrx_word' id='word_1_37' title='bbox 1155 1191 1563 1263; x_wconf 84' lang='lat' dir='ltr'><strong>adhibuimus</strong></span> <span class='ocrx_word' id='word_1_38' title='bbox 1592 1248 1616 1281; x_wconf 90' lang='lat'><strong>.‚</strong></span> <span class='ocrx_word' id='word_1_39' title='bbox 1666 1209 1735 1288; x_wconf 69' lang='lat' dir='ltr'><strong>ul:</strong></span> 
     </span>
     <span class='ocr_line' id='line_1_10' title="bbox 230 1281 1735 1386; baseline 0.01 -38"><span class='ocrx_word' id='word_1_40' title='bbox 230 1281 482 1350; x_wconf 81' lang='lat' dir='ltr'><strong>duabus</strong></span> <span class='ocrx_word' id='word_1_41' title='bbox 545 1286 872 1355; x_wconf 84' lang='lat' dir='ltr'><strong>columbis</strong></span> <span class='ocrx_word' id='word_1_42' title='bbox 926 1311 1228 1386; x_wconf 81' lang='lat' dir='ltr'><strong>magnam</strong></span> <span class='ocrx_word' id='word_1_43' title='bbox 1297 1293 1735 1386; x_wconf 76' lang='lat' dir='ltr'><strong>ingereremus</strong></span> 
     </span>
     <span class='ocr_line' id='line_1_11' title="bbox 229 1379 1731 1481; baseline 0.007 -31"><span class='ocrx_word' id='word_1_44' title='bbox 229 1379 431 1450; x_wconf 85' lang='lat' dir='ltr'><strong>dofim</strong></span> <span class='ocrx_word' id='word_1_45' title='bbox 459 1430 485 1465; x_wconf 81' lang='lat'><strong>‚</strong></span> <span class='ocrx_word' id='word_1_46' title='bbox 547 1405 676 1473; x_wconf 81' lang='lat' dir='ltr'><strong>qua</strong></span> <span class='ocrx_word' id='word_1_47' title='bbox 718 1399 850 1453; x_wconf 80' lang='lat' dir='ltr'><strong>tota</strong></span> <span class='ocrx_word' id='word_1_48' title='bbox 892 1389 1211 1481; x_wconf 76' lang='lat' dir='ltr'><strong>ingluvies</strong></span> <span class='ocrx_word' id='word_1_49' title='bbox 1255 1391 1379 1457; x_wconf 72' lang='lat' dir='ltr'><strong>late</strong></span> <span class='ocrx_word' id='word_1_50' title='bbox 1426 1393 1731 1460; x_wconf 82' lang='lat' dir='ltr'><strong>distende-</strong></span> 
     </span>
     <span class='ocr_line' id='line_1_12' title="bbox 228 1476 1734 1572; baseline 0.005 -25"><span class='ocrx_word' id='word_1_51' title='bbox 228 1495 419 1547; x_wconf 86' lang='lat' dir='ltr'><strong>retur.</strong></span> <span class='ocrx_word' id='word_1_52' title='bbox 509 1476 925 1572; x_wconf 83' lang='lat' dir='ltr'><strong>Reliquimus</strong></span> <span class='ocrx_word' id='word_1_53' title='bbox 978 1490 1065 1553; x_wconf 76' lang='lat' dir='ltr'><strong>ita</strong></span> <span class='ocrx_word' id='word_1_54' title='bbox 1123 1487 1462 1554; x_wconf 79' lang='lat' dir='ltr'><strong>columbas</strong></span> <span class='ocrx_word' id='word_1_55' title='bbox 1505 1489 1619 1557; x_wconf 80' lang='lat' dir='ltr'><strong>has</strong></span> <span class='ocrx_word' id='word_1_56' title='bbox 1670 1493 1734 1555; x_wconf 90' lang='lat' dir='ltr'><strong>in</strong></span> 
     </span>
     <span class='ocr_line' id='line_1_13' title="bbox 231 1577 1735 1673; baseline 0.007 -31"><span class='ocrx_word' id='word_1_57' title='bbox 231 1577 486 1665; x_wconf 74' lang='lat' dir='ltr'><strong>quiete,</strong></span> <span class='ocrx_word' id='word_1_58' title='bbox 537 1590 606 1644; x_wconf 88' lang='lat' dir='ltr'><strong>ut</strong></span> <span class='ocrx_word' id='word_1_59' title='bbox 634 1580 855 1646; x_wconf 88' lang='lat' dir='ltr'><strong>oleum</strong></span> <span class='ocrx_word' id='word_1_60' title='bbox 888 1604 1010 1671; x_wconf 87' lang='lat' dir='ltr'><strong>per</strong></span> <span class='ocrx_word' id='word_1_61' title='bbox 1043 1604 1274 1650; x_wconf 87' lang='lat' dir='ltr'><strong>omnes</strong></span> <span class='ocrx_word' id='word_1_62' title='bbox 1310 1588 1604 1673; x_wconf 85' lang='lat' dir='ltr'><strong>corporis</strong></span> <span class='ocrx_word' id='word_1_63' title='bbox 1639 1584 1735 1652; x_wconf 82' lang='lat' dir='ltr'><strong>of-</strong></span> 
     </span>
     <span class='ocr_line' id='line_1_14' title="bbox 230 1670 1732 1764; baseline 0.007 -24"><span class='ocrx_word' id='word_1_64' title='bbox 230 1670 453 1742; x_wconf 83' lang='lat' dir='ltr'><strong>ficinas</strong></span> <span class='ocrx_word' id='word_1_65' title='bbox 496 1674 888 1764; x_wconf 83' lang='lat' dir='ltr'><strong>aequabiliter</strong></span> <span class='ocrx_word' id='word_1_66' title='bbox 931 1678 1337 1748; x_wconf 82' lang='lat' dir='ltr'><strong>divideretur</strong></span> <span class='ocrx_word' id='word_1_67' title='bbox 1366 1730 1388 1762; x_wconf 88' lang='lat'><strong>.,</strong></span> <span class='ocrx_word' id='word_1_68' title='bbox 1458 1682 1523 1748; x_wconf 84' lang='lat'>&amp;</span> <span class='ocrx_word' id='word_1_69' title='bbox 1574 1704 1732 1750; x_wconf 89' lang='lat' dir='ltr'><strong>uno-</strong></span> 
     </span>
     <span class='ocr_line' id='line_1_15' title="bbox 230 1774 1733 1867; baseline 0.007 -29"><span class='ocrx_word' id='word_1_70' title='bbox 230 1793 496 1865; x_wconf 83' lang='lat' dir='ltr'><strong>quoque</strong></span> <span class='ocrx_word' id='word_1_71' title='bbox 532 1774 592 1842; x_wconf 92' lang='lat' dir='ltr'><strong>in</strong></span> <span class='ocrx_word' id='word_1_72' title='bbox 625 1774 781 1842; x_wconf 88' lang='lat' dir='ltr'><strong>loco</strong></span> <span class='ocrx_word' id='word_1_73' title='bbox 808 1797 1068 1846; x_wconf 85' lang='lat' dir='ltr'><strong>veneno</strong></span> <span class='ocrx_word' id='word_1_74' title='bbox 1098 1777 1309 1867; x_wconf 71' lang='lat' dir='ltr'><strong>pollet</strong></span> <span class='ocrx_word' id='word_1_75' title='bbox 1354 1799 1733 1850; x_wconf 76' lang='lat' dir='ltr'><strong>occurrere.</strong></span> 
     </span>
     <span class='ocr_line' id='line_1_16' title="bbox 230 1869 1729 1953; baseline 0.006 -16"><span class='ocrx_word' id='word_1_76' title='bbox 230 1869 491 1940; x_wconf 88' lang='lat' dir='ltr'><strong>Verum</strong></span> <span class='ocrx_word' id='word_1_77' title='bbox 521 1891 672 1940; x_wconf 88' lang='lat' dir='ltr'><strong>cum</strong></span> <span class='ocrx_word' id='word_1_78' title='bbox 716 1873 1102 1943; x_wconf 82' lang='lat' dir='ltr'><strong>commorsae</strong></span> <span class='ocrx_word' id='word_1_79' title='bbox 1148 1890 1361 1953; x_wconf 77' lang='lat' dir='ltr'><strong>erant,</strong></span> <span class='ocrx_word' id='word_1_80' title='bbox 1412 1875 1729 1946; x_wconf 89' lang='lat' dir='ltr'><strong>nihilomi-</strong></span> 
     </span>
     <span class='ocr_line' id='line_1_17' title="bbox 231 1969 1731 2067; baseline 0.005 -30"><span class='ocrx_word' id='word_1_81' title='bbox 231 1988 350 2037; x_wconf 88' lang='lat' dir='ltr'><strong>nus</strong></span> <span class='ocrx_word' id='word_1_82' title='bbox 391 1969 597 2047; x_wconf 73' lang='lat' dir='ltr'><strong>statim</strong></span> <span class='ocrx_word' id='word_1_83' title='bbox 635 1988 893 2059; x_wconf 86' lang='lat' dir='ltr'><strong>caepere</strong></span> <span class='ocrx_word' id='word_1_84' title='bbox 921 1971 1264 2041; x_wconf 79' lang='lat' dir='ltr'><strong>debilitatis</strong></span> <span class='ocrx_word' id='word_1_85' title='bbox 1304 1975 1369 2040; x_wconf 85' lang='lat'>&amp;</span> <span class='ocrx_word' id='word_1_86' title='bbox 1399 1973 1731 2067; x_wconf 84' lang='lat' dir='ltr'><strong>leipothy-</strong></span> 
     </span>
     <span class='ocr_line' id='line_1_18' title="bbox 230 2062 1731 2155; baseline 0.003 -20"><span class='ocrx_word' id='word_1_87' title='bbox 230 2066 373 2135; x_wconf 85' lang='lat' dir='ltr'><strong>miae</strong></span> <span class='ocrx_word' id='word_1_88' title='bbox 415 2062 586 2155; x_wconf 67' lang='lat' dir='ltr'><strong>signa</strong></span> <span class='ocrx_word' id='word_1_89' title='bbox 626 2064 826 2135; x_wconf 85' lang='lat' dir='ltr'><strong>edere</strong></span> <span class='ocrx_word' id='word_1_90' title='bbox 855 2117 879 2152; x_wconf 86' lang='lat'><strong>.,</strong></span> <span class='ocrx_word' id='word_1_91' title='bbox 943 2068 1157 2138; x_wconf 85' lang='lat' dir='ltr'><strong>oleum</strong></span> <span class='ocrx_word' id='word_1_92' title='bbox 1200 2093 1553 2140; x_wconf 85' lang='lat' dir='ltr'><strong>revomere</strong></span> <span class='ocrx_word' id='word_1_93' title='bbox 1587 2122 1612 2155; x_wconf 82' lang='lat'>‚</span> <span class='ocrx_word' id='word_1_94' title='bbox 1663 2073 1731 2139; x_wconf 71' lang='grc' dir='ltr'><strong>ὅτ</strong></span> 
     </span>
     <span class='ocr_line' id='line_1_19' title="bbox 230 2161 1734 2260; baseline 0.005 -26"><span class='ocrx_word' id='word_1_95' title='bbox 230 2166 390 2234; x_wconf 82' lang='lat' dir='ltr'><strong>intra</strong></span> <span class='ocrx_word' id='word_1_96' title='bbox 447 2161 622 2232; x_wconf 90' lang='lat' dir='ltr'><strong>idem</strong></span> <span class='ocrx_word' id='word_1_97' title='bbox 678 2176 934 2259; x_wconf 83' lang='lat' dir='ltr'><strong>tempus</strong></span> <span class='ocrx_word' id='word_1_98' title='bbox 969 2214 994 2249; x_wconf 62' lang='lat'>9</span> <span class='ocrx_word' id='word_1_99' title='bbox 1080 2189 1213 2260; x_wconf 86' lang='lat' dir='ltr'><strong>quo</strong></span> <span class='ocrx_word' id='word_1_100' title='bbox 1263 2171 1515 2260; x_wconf 88' lang='lat' dir='ltr'><strong>priores</strong></span> <span class='ocrx_word' id='word_1_101' title='bbox 1580 2171 1734 2241; x_wconf 84' lang='lat' dir='ltr'><strong>inte·</strong></span> 
     </span>
     <span class='ocr_line' id='line_1_20' title="bbox 228 2281 378 2332; baseline -0.02 0"><span class='ocrx_word' id='word_1_102' title='bbox 228 2281 378 2332; x_wconf 74' lang='lat' dir='ltr'><strong>rire.</strong></span> 
     </span>
    </p>
   </div>
   <div class='ocr_carea' id='block_1_6' title="bbox 328 2408 1605 2524">
    <p class='ocr_par' dir='ltr' id='par_1_6' title="bbox 328 2408 1605 2524">
     <span class='ocr_line' id='line_1_21' title="bbox 328 2408 1605 2524; baseline 0.005 -26"><span class='ocrx_word' id='word_1_103' title='bbox 328 2408 1261 2524; x_wconf 77' lang='lat' dir='ltr'><em>EXPERIMENTUM</em></span> <span class='ocrx_word' id='word_1_104' title='bbox 1325 2431 1605 2507; x_wconf 77' lang='lat' dir='ltr'><em>LXXV,</em></span> 
     </span>
    </p>
   </div>
   <div class='ocr_carea' id='block_1_7' title="bbox 796 2562 1173 2628">
    <p class='ocr_par' dir='ltr' id='par_1_7' title="bbox 796 2562 1173 2628">
     <span class='ocr_line' id='line_1_22' title="bbox 796 2562 1173 2628; baseline 0.011 -4"><span class='ocrx_word' id='word_1_105' title='bbox 796 2562 910 2624; x_wconf 87' lang='lat' dir='ltr'><strong>Die</strong></span> <span class='ocrx_word' id='word_1_106' title='bbox 955 2562 1173 2628; x_wconf 86' lang='lat' dir='ltr'><strong>eadem.</strong></span> 
     </span>
    </p>
   </div>
   <div class='ocr_carea' id='block_1_8' title="bbox 237 2684 1824 2973">
    <p class='ocr_par' dir='ltr' id='par_1_8' title="bbox 237 2684 1824 2973">
     <span class='ocr_line' id='line_1_23' title="bbox 380 2684 1824 2783; baseline 0.002 -24"><span class='ocrx_word' id='word_1_107' title='bbox 380 2684 559 2759; x_wconf 90' lang='lat' dir='ltr'><strong>Oleo</strong></span> <span class='ocrx_word' id='word_1_108' title='bbox 586 2686 913 2758; x_wconf 83' lang='lat' dir='ltr'><strong>olivarum</strong></span> <span class='ocrx_word' id='word_1_109' title='bbox 940 2685 1092 2756; x_wconf 90' lang='lat' dir='ltr'><strong>nihil</strong></span> <span class='ocrx_word' id='word_1_110' title='bbox 1124 2689 1451 2779; x_wconf 64' lang='lat' dir='ltr'><strong>juvante»,</strong></span> <span class='ocrx_word' id='word_1_111' title='bbox 1496 2696 1729 2783; x_wconf 76' lang='lat' dir='ltr'><strong>proxi·</strong></span> <span class='ocrx_word' id='word_1_112' title='bbox 1819 2725 1824 2728; x_wconf 90' lang='grc'>·</span> 
     </span>
     <span class='ocr_line' id='line_1_24' title="bbox 237 2785 1727 2884; baseline 0.003 -27"><span class='ocrx_word' id='word_1_113' title='bbox 237 2808 413 2858; x_wconf 88' lang='lat' dir='ltr'><strong>mum</strong></span> <span class='ocrx_word' id='word_1_114' title='bbox 440 2797 622 2875; x_wconf 80' lang='lat' dir='ltr'><strong>erat,</strong></span> <span class='ocrx_word' id='word_1_115' title='bbox 654 2797 724 2855; x_wconf 89' lang='lat' dir='ltr'><strong>ut</strong></span> <span class='ocrx_word' id='word_1_116' title='bbox 762 2785 982 2856; x_wconf 89' lang='lat' dir='ltr'><strong>oleum</strong></span> <span class='ocrx_word' id='word_1_117' title='bbox 1013 2789 1502 2884; x_wconf 80' lang='lat' dir='ltr'><strong>amygdalinum</strong></span> <span class='ocrx_word' id='word_1_118' title='bbox 1530 2805 1727 2861; x_wconf 82' lang='lat' dir='ltr'><strong>tenta-</strong></span> 
     </span>
     <span class='ocr_line' id='line_1_25' title="bbox 1373 2908 1632 2973; baseline 0 -15"><span class='ocrx_word' id='word_1_119' title='bbox 1373 2908 1632 2973; x_wconf 74' lang='lat' dir='ltr'><strong>remUS,</strong></span> 
     </span>
    </p>
   </div>
   <div class='ocr_carea' id='block_1_9' title="bbox 233 3012 1735 3043">
    <p class='ocr_par' dir='ltr' id='par_1_9' title="bbox 233 3012 1735 3043">
     <span class='ocr_line' id='line_1_26' title="bbox 233 3012 1735 3043; baseline 0 346"><span class='ocrx_word' id='word_1_120' title='bbox 233 3012 1735 3043; x_wconf 95' lang='lat' dir='ltr'><strong> </strong></span> 
     </span>
    </p>
   </div>
   <div class='ocr_carea' id='block_1_10' title="bbox 241 3080 1718 3218">
    <p class='ocr_par' dir='ltr' id='par_1_10' title="bbox 241 3080 1718 3218">
     <span class='ocr_line' id='line_1_27' title="bbox 241 3080 1718 3149; baseline 0.005 -21"><span class='ocrx_word' id='word_1_121' title='bbox 241 3080 338 3149; x_wconf 71' lang='lat'><strong>(*)</strong></span> <span class='ocrx_word' id='word_1_122' title='bbox 376 3090 602 3130; x_wconf 84' lang='lat' dir='ltr'><strong>Columbis</strong></span> <span class='ocrx_word' id='word_1_123' title='bbox 631 3090 832 3132; x_wconf 71' lang='lat' dir='ltr'><strong>antidota</strong></span> <span class='ocrx_word' id='word_1_124' title='bbox 852 3091 1019 3145; x_wconf 79' lang='lat' dir='ltr'><strong>aliquot</strong></span> <span class='ocrx_word' id='word_1_125' title='bbox 1048 3089 1168 3133; x_wconf 84' lang='lat' dir='ltr'><strong>horis</strong></span> <span class='ocrx_word' id='word_1_126' title='bbox 1201 3100 1306 3136; x_wconf 80' lang='lat' dir='ltr'><strong>ante</strong></span> <span class='ocrx_word' id='word_1_127' title='bbox 1334 3094 1718 3148; x_wconf 65' lang='lat' dir='ltr'><strong>experimentum,</strong></span> 
     </span>
     <span class='ocr_line' id='line_1_28' title="bbox 378 3159 1509 3218; baseline 0.004 -18"><span class='ocrx_word' id='word_1_128' title='bbox 378 3159 617 3211; x_wconf 70' lang='lat' dir='ltr'><strong>ingerenda</strong></span> <span class='ocrx_word' id='word_1_129' title='bbox 641 3191 654 3212; x_wconf 91' lang='lat'>‚</span> <span class='ocrx_word' id='word_1_130' title='bbox 692 3162 794 3214; x_wconf 69' lang='lat' dir='ltr'><strong>quia</strong></span> <span class='ocrx_word' id='word_1_131' title='bbox 817 3162 1032 3204; x_wconf 56' lang='lat' dir='ltr'><strong>astionem</strong></span> <span class='ocrx_word' id='word_1_132' title='bbox 1056 3163 1253 3206; x_wconf 71' lang='lat' dir='ltr'><strong>retardat</strong></span> <span class='ocrx_word' id='word_1_133' title='bbox 1277 3163 1509 3218; x_wconf 75' lang='lat' dir='ltr'><strong>ingluvies,</strong></span> 
     </span>
    </p>
   </div>
  </div>
 </body>
</html>
