1895 3389
233 185 479 264 196Ι
613 174 1367 242 HISTORIA

332 341 1291 437 EXPERIMENTUM
1340 343 1612 418 LXVfl.

777 476 897 540 Die
943 478 1163 539 eadem.

369 598 593 694 Itaque
622 613 691 671 ut
720 600 971 673 morsus
1000 603 1182 674 nudis
1224 603 1564 677 inferretur
1591 627 1728 676 car-

220 696 411 769 nibus
449 749 472 783 ,
552 701 820 771 vulnera
879 701 1007 770 lata
1068 701 1412 774 infliximus
1461 705 1726 774 canibus

219 797 482 866 duobus
523 849 545 882 ‚
625 798 693 867 &
763 801 871 868 uni
925 798 1081 868 feli:
1161 802 1506 872 mordebat
1561 826 1727 872 Vero

218 910 388 963 tanta
436 896 742 967 aviditate
774 947 798 981 ⁹
866 919 942 966 ac
996 901 1087 969 ira
1132 899 1370 996 singula
1419 899 1559 970 haec
1604 905 1726 971 ani-

216 995 455 1078 malia,
511 1010 579 1064 ut
623 994 967 1065 humorem
995 1002 1127 1066 oris
1171 1000 1236 1067 δι
1267 1000 1550 1070 dentium
1586 1001 1726 1071 vul-

218 1093 356 1160 neri
381 1141 405 1174 ,
457 1115 584 1161 non
621 1092 747 1162 fine
787 1092 1008 1184 spuma
1036 1094 1204 1166 facia
1235 1147 1259 1182 .,
1305 1099 1726 1181 immitteret„

220 1213 383 1257 cane
414 1191 503 1259 ob
530 1190 778 1262 doloris
806 1190 1120 1264 saevitiem
1144 1195 1573 1266 vehementer
1602 1198 1728 1265 cla-

218 1301 452 1357 mante.
530 1286 784 1360 Verum
825 1293 1063 1362 vulnus
1108 1293 1300 1364 facile
1343 1309 1554 1365 tamen
1587 1348 1612 1382 ‚
1662 1294 1728 1363 &

222 1385 346 1453 sine
403 1387 571 1456 mala
641 1405 792 1458 nota
856 1387 1043 1460 brevi
1110 1395 1455 1488 unicuique
1514 1391 1726 1462 consa-

226 1484 511 1553 nabatur.

319 1651 678 1724 EXPER
703 1650 1257 1726 IMENTUM
1322 1654 1623 1732 LXVIII.

703 1786 818 1847 Die
862 1788 919 1851 6.
967 1790 1270 1854 Offiobris.

367 1901 500 1981 Sed
534 1913 723 1981 etiam
759 1936 1045 1998 novum,
1095 1940 1173 1986 ac
1220 1919 1434 1988 nativa
1486 1914 1736 1986 saevirief

226 2010 660 2094 ferociorem,
713 2033 923 2101 neque
956 2013 1289 2084 hominum
1335 2013 1726 2085 consuetudi-

134 2161 139 2167 .
224 2130 306 2177 ne
339 2102 552 2173 adhuc
570 2107 923 2200 mitigatum
958 2111 1198 2200 alpium
1226 2111 1565 2183 colubrum
1584 2136 1727 2181 nac-

224 2219 330 2271 tus
376 2202 530 2270 sum.
629 2201 728 2273 Ut
775 2206 962 2298 igitur
1001 2209 1202 2278 statim
1237 2234 1274 2279 a
1310 2209 1568 2279 directis
1613 2232 1725 2280 ex-

227 2302 608 2393 perimentis
629 2324 768 2372 rem
807 2303 1218 2390 inchoarem,
1245 2310 1589 2378 vulneravi
1617 2333 1727 2378 co-

228 2400 486 2469 lumbas
517 2449 540 2484 .,
607 2403 821 2492 pullos
860 2454 877 2483 ‚
940 2408 1248 2476 cuniculis
1293 2410 1487 2476 etiam
1533 2412 1726 2478 cutim

230 2496 489 2566 detraxi
510 2548 533 2580 .,
565 2515 634 2568 ut
650 2501 937 2591 protinus
967 2503 1175 2573 nudos
1200 2504 1541 2573 morderet
1567 2505 1727 2588 mus-

232 2596 454 2665 culos:
481 2597 828 2666 momordit
858 2619 1034 2667 vero
1057 2600 1413 2672 incredibili
1443 2625 1589 2674 cum
1606 2607 1729 2691 ira,
1826 2669 1831 2672 .
1892 2605 1895 2612 ’

232 2693 298 2759 &
333 2693 615 2778 ferocia„
667 2696 733 2763 &
760 2701 1061 2766 continuo
1106 2699 1353 2769 fibilans
1369 2722 1396 2788 3
1447 2722 1723 2795 cumque

229 2807 423 2877 ceput
453 2794 681 2861 diutius
724 2795 1234 2886 apprimeremus
1269 2798 1455 2867 nudae
1497 2803 1670 2870 carni
1699 2851 1723 2882 .,

229 2884 559 2956 saiivalem
588 2890 935 2985 humorem
952 2893 1292 2982 plurimum
1320 2896 1570 2967 immisit
1585 2900 1721 2968 vul·

227 2986 385 3051 neri.
488 2986 780 3057 Vuinera
827 3005 1035 3058 tamen
1079 2997 1291 3062 omnia
1329 2992 1515 3062 bonae
1559 3010 1724 3064 notae

147 3149 150 3164 i
203 3096 409 3153 erant
440 3130 465 3171 ‚
537 3085 605 3155 ἃ
649 3087 782 3161 cito
821 3087 1335 3166 consanabantur.
1434 3092 1726 3163 Cuniculi

1429 3192 1623 3261 ‘etiam
