1895 3389
210 182 352 258 194
612 165 1495 234 HISTORIA.

207 340 398 410 ficata
435 336 644 409 effent.
773 338 1039 409 Dimissa
1118 334 1425 406 columba
1499 336 1698 405 statim

211 439 640 525 claudicavit,
691 439 920 509 debilis
956 436 1090 505 visa
1118 436 1240 520 est,
1274 437 1487 527 quieta
1517 432 1701 517 sedit‚

204 559 329 606 nec
362 539 580 605 locum
626 557 869 606 mutare
919 534 1193 604 sustinuit
1221 583 1244 618 o
1294 532 1583 601 oblatum
1620 533 1701 598 ci-

203 637 400 717 bum,
453 652 766 725 potumve
808 633 1151 704 recusavit.
1299 629 1527 700 Paucis
1558 632 1702 720 post

204 735 455 803 minutis
483 736 998 803 examinavimus
1042 734 1260 800 locum
1294 727 1703 808 demersum,

205 834 316 927 qui
346 835 517 901 circa
546 831 924 902 vulnuscula
955 830 1194 918 majora
1235 832 1448 920 nigras
1479 826 1704 916 plagas

205 929 606 1013 exhibebat,
658 930 829 1022 quafi
874 929 955 998 ab
995 927 1194 996 effuso
1238 926 1349 995 sub
1396 943 1546 992 cute
1574 916 1704 991 san·

208 1030 421 1123 guine.
571 1028 891 1098 Caeterum
940 1044 1076 1096 tota
1107 1026 1270 1094 ficea
1307 1026 1703 1112 circumqua-

205 1150 335 1216 que
371 1126 619 1221 rigebat
652 1130 853 1213 cutis;
905 1125 1152 1218 sanguis
1193 1122 1341 1191 hinc
1375 1118 1523 1189 inde
1555 1116 1703 1209 pross

206 1228 456 1293 minens
505 1224 878 1317 nigricabat.
979 1223 1216 1292 Altera
1264 1222 1369 1287 die
1400 1238 1548 1309 pars
1576 1216 1706 1283 late

206 1327 386 1414 nigra
413 1322 478 1389 &
503 1321 744 1389 tumida
786 1321 932 1405 suit„
983 1319 1152 1414 quafi
1182 1313 1707 1399 extravasatione

208 1419 322 1489 sub
351 1418 654 1489 cellulosa
697 1419 824 1490 late
866 1418 1100 1488 diffusa.
1248 1415 1510 1485 Tumor
1539 1433 1707 1480 vero

211 1519 476 1600 mollis,
526 1516 831 1608 rugosus,
885 1519 949 1584 ὅτ
993 1516 1166 1607 quafi
1199 1511 1703 1601 emphysemati-

213 1638 330 1683 cus
360 1628 509 1684 erat.
585 1612 812 1682 Tertia
844 1614 947 1682 die
979 1613 1141 1681 ultra
1176 1610 1455 1677 mediam
1481 1604 1710 1672 horam

211 1711 643 1780 vehementer
682 1707 1303 1791 convulsa‚tandem
1334 1714 1585 1772 mortua
1603 1702 1710 1769 est.
1762 1711 1768 1720 '

203 1809 358 1901 Juffi
389 1811 563 1878 illico
607 1808 965 1898 deplumari
998 1829 1011 1872 :
1070 1819 1222 1874 tunc
1251 1801 1541 1895 apparuit
1569 1821 1711 1889 par-

213 1923 346 1977 tem
380 1909 642 1979 femoris
682 1926 1022 2000 gangraena
1064 1903 1283 1975 foetida
1313 1901 1447 1990 jam
1475 1897 1712 1987 eliqua·

215 2019 380 2098 tam3
431 2022 747 2073 tumorem
779 2004 859 2071 ad
891 2003 1224 2070 thoracem
1257 1999 1497 2090 usque,
1549 1992 1714 2062 &ad

219 2101 581 2194 oppofitum
611 2100 769 2168 latus
799 2095 1105 2166 diffusum.
1207 2094 1475 2164 Disciss'o
1507 2092 1711 2160 femo-

221 2224 294 2272 re
324 2204 485 2268 inter
513 2194 878 2279 musculos,
928 2196 993 2264 &
1023 2194 1137 2262 sub
1169 2207 1315 2263 cute
1349 2213 1541 2261 cruor
1571 2210 1713 2280 par·

220 2301 335 2368 tim
373 2310 865 2392 congrumatus.,
915 2294 1149 2384 partim
1181 2288 1511 2359 diffolutus
1549 2289 1713 2356 inter

217 2411 412 2484 erat3
483 2397 695 2463 omnia
752 2392 833 2461 ad
879 2389 1009 2460 offa
1053 2390 1248 2483 usque
1289 2390 1467 2482 nigra
1517 2397 1713 2454 erant.

220 2495 512 2565 Demum
541 2515 658 2562 cor
687 2490 890 2582 ipsum
918 2489 1265 2569 tumidum„
1314 2488 1375 2555 in
1414 2498 1548 2552 tota
1578 2480 1715 2550 sub-

220 2593 437 2663 stantia
464 2594 717 2686 nigrum
745 2639 771 2675 ·›
819 2587 1115 2672 friabile,
1164 2584 1619 2678 sphacelatum.

348 2763 1281 2847 EXPERIMENTUM
1384 2762 1594 2840 LXV.

788 2869 905 2930 Die
949 2869 1159 2931 eadem.

326 2990 585 3064 Eadem
626 3007 840 3066 tamen
882 2994 992 3063 die
1055 3012 1280 3062 canem
1307 3040 1335 3079 ‚
1400 3008 1477 3058 ac
1522 2982 1719 3053 felem

224 3093 510 3165 morderi
543 3092 850 3166 fivimus:
901 3091 1011 3164 ista
1035 3112 1212 3164 vero
1240 3085 1525 3160 animalia
1567 3075 1722 3149 nihil

1494 3200 1623 3249 ma-
