1895 3389
465 163 1347 232 REPTILIUM.
1504 178 1635 254 193

169 334 315 406 mali
330 333 473 402 inde
492 332 706 426 questa
723 329 872 399 sunt.
892 329 1316 424 Sequentibus
1333 351 1495 424 ergo
1513 329 1644 399 die·

170 434 291 501 bus
316 453 506 499 omne
539 429 888 498 animalium
917 451 1114 523 genus
1152 429 1324 497 saevo
1351 426 1498 494 huic
1539 451 1646 496 co-

168 528 362 597 lubro
391 528 785 619 objecimus,
764 553 782 569 ·
838 524 1295 596 mordebantur
1310 524 1595 613 juniores
1625 575 1647 605 ‚

172 627 237 693 &
291 639 644 715 pertenerae
698 624 967 695 aviculae
1008 622 1090 690 ad
1146 623 1280 692 sex.
1356 619 1650 690 Cuniculi

171 745 482 813 quoque,
533 722 762 814 quibus
819 723 979 788 cutis
1033 719 1121 788 est
1161 717 1647 788 delicatiffima:

170 839 399 887 verum
431 820 536 887 etsi
578 819 671 888 his
709 820 788 889 ad
824 815 1096 909 fingulos
1139 817 1273 885 fere
1309 812 1472 883 i6tus
1517 814 1650 884 san-

168 921 308 1010 guis
349 918 642 1006 prodiret
678 939 765 987 ex
797 913 1227 998 vulmrscnhs,
1279 928 1488 981 tamen
1516 934 1646 980 non

46 1007 51 1014 ’
163 1014 491 1104 potuimus
557 1014 753 1082 ullum
812 1009 908 1079 his
966 1011 1341 1079 animalibus
1405 1009 1649 1076 illatum

167 1110 652 1179 incommodum
714 1110 1072 1180 observare
1108 1156 1132 1191 .,
1208 1126 1443 1175 verum
1500 1107 1644 1172 vul-

167 1204 425 1274 nuscula
485 1209 643 1276 intra
701 1227 937 1300 paucas
978 1202 1172 1275 horas
1204 1204 1339 1292 jam
1382 1199 1645 1271 evanes-

164 1303 418 1371 cebant.

277 1466 1202 1543 EXPERIMENTUM
1284 1472 1538 1544 LXVI.

722 1598 834 1658 Die
869 1597 1082 1658 eadem.

307 1719 564 1792 Verum
600 1771 623 1807 ,
692 1741 836 1787 cum
877 1732 1118 1814 tantum
1176 1742 1294 1812 per
1343 1720 1501 1792 ἰὸὶυε
1541 1745 1648 1795 ce-

163 1819 456 1889 lerrimos
532 1813 967 1885 momordiffet
1023 1814 1110 1885 'in
1191 1824 1648 1911 experimento

167 1917 618 2008 praecedenti„
697 1912 1036 2002 suspicatus
1090 1914 1271 2003 sum,
1348 1939 1429 1986 ne
1477 1916 1648 1989 forte

161 2037 290 2082 non
334 2013 472 2080 satis
518 2009 836 2102 profunde
871 2015 1350 2101 penetraverint
1391 2015 1649 2084 dentes:

163 2112 375 2202 itaque
434 2110 782 2177 tenerrimis
828 2110 1149 2193 avicum,
1213 2108 1442 2201 quibus
1493 2113 1650 2181 deli-

165 2209 465 2275 catiffima
520 2202 766 2294 insuper
822 2208 980 2273 eutis
1025 2208 1160 2293 est,
1222 2208 1446 2297 dentes
1496 2210 1648 2278 illos

163 2302 430 2372 falcatos
457 2305 526 2369 vi
557 2299 865 2392 appreffi‚
897 2316 964 2370 ut
988 2305 1308 2393 profunde
1332 2306 1393 2370 in
1424 2325 1648 2374 carnes

163 2402 514 2470 intrarent„
559 2399 863 2466 Aviculae
906 2414 1115 2469 tamen
1161 2422 1387 2468 omnes
1429 2401 1646 2470 evase-

162 2514 347 2580 runt,
398 2499 463 2565 &
502 2494 867 2566 vulnuscula
907 2498 1142 2566 nullam
1183 2511 1645 2568 contraxerunt

163 2596 572 2688 nigredinem
634 2590 813 2661 Idem
859 2596 919 2663 in
962 2594 1175 2664 catulo
1225 2593 1458 2663 faustum
1513 2595 1644 2682 est,

163 2693 273 2762 sed
310 2697 452 2781 post
500 2710 590 2774 24
636 2688 822 2761 horas
861 2690 1049 2775 nihil,
1100 2705 1330 2781 praeter
1366 2692 1639 2789 vestigia

165 2789 335 2884 quafi
370 2788 779 2884 pustularum,
830 2788 1168 2884 supererat.

815 3163 878 3226 N
928 3176 970 3228 2
1400 3153 1548 3227 EX-
