1895 3389
421 147 1300 214 REPTILIUM.
1500 166 1629 235 193

159 307 209 370 se
235 311 527 393 utrinque,
562 313 619 375 ἂι
658 329 789 374 cum
825 311 1107 373 dentibus
1130 311 1337 374 rnediae
1370 309 1517 371 illius
1539 320 1637 370 tae-

161 399 270 458 niae
296 399 593 460 alternant.
675 400 849 459 Color
895 398 1131 480 serpenti
1162 398 1343 460 fuscus
1379 397 1491 475 est3
1526 415 1641 455 ma·

160 483 408 543 cularum
438 503 581 544 vero
606 483 963 563 profundior,
988 484 1258 565 alterique
1290 483 1441 545 sexui
1466 484 1639 561 niger.

160 569 336 629 Scuta
373 568 746 633 abdominalia
787 570 1040 632 latiffima
1065 617 1083 645 ‚
1125 583 1185 631 ut
1230 570 1480 631 mediam
1518 588 1642 650 pro·

157 653 469 733 pemodum
494 656 824 737 peripheriae
863 665 1082 737 partem
1124 666 1313 732 tegant
1418 654 1641 722 Prima,

159 736 246 798 seu
277 741 420 816 gulae
450 742 746 820 contigua,
774 742 1024 805 obsolete
1053 742 1332 815 albicant,
1357 758 1482 801 cum
1499 756 1643 800 mar-

159 825 289 901 gine
313 822 500 904 fusc03
545 826 821 910 sequentia
853 847 926 889 ex
954 826 1168 910 pallido
1195 830 1250 889 ἃ·
1286 827 1446 904 nigro
1485 826 1642 889 varia

157 910 293 972 sunt.
380 913 627 996 Reliqua
656 915 841 975 omnia
884 924 1007 977 tota
1033 914 1394 992 nigricantia‚
1439 913 1639 989 margi-

156 1016 229 1057 ne
255 994 506 1059 inferiori
544 1000 844 1081 diaphanO.
930 1001 1124 1064 Cauda
1163 1008 1308 1061 teres
1331 1045 1346 1065 ‚
1390 1000 1642 1074 gracilis,

156 1081 495 1147 breviffima.
581 1087 795 1147 Dentes
831 1088 1019 1151 omnia
1068 1088 1194 1149 haee
1231 1086 1487 1147 animalia
1523 1085 1642 1145 fere

154 1169 447 1231 uncinatos
492 1171 548 1231 δε
596 1171 933 1254 postrorsum
972 1190 1253 1234 recurvos
1293 1171 1536 1238 habent,
1582 1177 1642 1230 ut

153 1255 378 1337 praeda,
424 1275 594 1337 quam
639 1257 935 1319 obtinuere
970 1257 1165 1333 semel,
1208 1256 1480 1332 deglutiri
1521 1254 1638 1339 qui-

156 1342 289 1401 dem
314 1341 514 1422 poffit,
558 1341 807 1422 effugere
836 1363 982 1407 vero
1017 1360 1384 1426 nequaquam.

476 1497 544 1558 H
585 1500 645 1557 A
690 1500 740 1558 Β
785 1501 816 1560 I
861 1499 923 1560 T
966 1503 1026 1558 A
1070 1499 1132 1559 T
1177 1498 1206 1559 I
1249 1500 1324 1560 Ο.

244 1627 247 1630 “
278 1618 346 1677 In
371 1615 674 1700 subalpinis
703 1618 1085 1695 Schneeberg.

652 1738 729 1798 M
773 1738 831 1799 O
875 1738 935 1798 R
980 1737 1034 1798 E
1083 1736 1139 1800 S.

155 1942 166 1950 .
271 1857 537 1953 ¹Minatur
559 1858 727 1921 sibilis
770 1859 1082 1922 horrendis.
1164 1856 1426 1920 Morsura
1455 1854 1633 1920 subito

151 1953 309 2004 irruit
339 1946 395 2004 in
419 1944 722 2008 inimicum.

149 2113 178 2173 f
213 2029 296 2175 Γβ.
333 2030 489 2092 Mari
514 2034 756 2096 maculae
776 2031 986 2112 nigrae,
1030 2044 1160 2114 quae
1187 2025 1411 2092 feminae
1453 2030 1634 2109 nigro-

177 2137 207 2175 u
230 2135 332 2184 cae.

267 2301 1197 2382 EXPERIMENTUM
1293 2299 1532 2374 LXIV.

561 2437 672 2500 Die
707 2458 802 2502 10.
849 2435 1219 2521 Septembris.

293 2561 640 2632 Plurimum
670 2565 729 2631 in
758 2564 916 2632 iram
948 2563 1333 2632 concitatum
1376 2556 1628 2650 forcipe

149 2658 563 2731 admovimus
614 2662 1017 2748 (abdomine
1052 2708 1076 2743 ‚
1125 2681 1202 2727 ac
1238 2658 1489 2728 femore
1520 2662 1632 2727 de·

147 2759 498 2848 plumatae)
551 2759 912 2844 columbae‚
973 2759 1039 2825 &
1101 2758 1338 2825 tamdiu
1379 2757 1629 2826 curav}-

149 2878 292 2923 mus
329 2856 673 2940 mordere,
721 2854 916 2949 usque
942 2858 1097 2924 dum
1151 2855 1398 2949 sanguis
1434 2853 1625 2921 unde·

146 2976 402 3044 quaque
431 2953 760 3043 prodiret⁹
809 2957 874 3022 &
912 2953 1119 3023 femur
1143 2969 1346 3021 totum
1376 3000 1401 3035 .,
1435 2971 1625 3040 atque

147 3050 468 3123 abdomen
499 3051 668 3143 quasi
717 3051 970 3221 ingnitis
1014 3050 1421 3212 munusculis(i
1440 3048 1623 3119 scari-

1424 3167 1528 3214 ωε
