1895 3389
234 185 371 254 126
623 181 1364 249 HISTORIA

160 354 176 371 ⁵
236 345 432 432 postici
498 348 756 409 natatorii
821 347 1133 409 extrorsum
1185 344 1696 430 quinquedigitatss

229 438 412 516 palma
455 454 596 495 vero
636 434 921 495 introrsum
949 436 1159 514 duplici
1184 446 1376 496 notata
1409 437 1697 497 tuberculo

228 519 419 595 flav0‚
465 523 612 602 quast
641 522 968 582 rudnnentie
1005 521 1308 598 digitorum
1332 572 1345 592 ,
1385 525 1585 602 quibus
1617 523 1699 582 vi·

228 608 430 668 dentur
474 625 579 686 pro
610 609 883 667 calcaneo
927 608 1023 668 uti.
1079 610 1145 668 ln
1180 609 1386 669 anticrs
1426 631 1568 672 vero
1607 629 1700 690 pe-

226 694 390 754 dibus
418 739 435 768 ‚
482 693 640 770 dlgiti
690 694 983 754 introrsum
1033 695 1170 755 verfi
1203 741 1221 770 ,
1267 697 1576 758 extrorsum
1621 705 1703 757 tu-

228 781 468 841 bercula.
530 780 701 840 Color
743 799 848 861 pro
887 781 1012 841 anni
1055 790 1348 862 tempore,
1391 801 1494 862 pro
1533 792 1700 845 aetate

228 866 480 927 animalis
507 915 525 943 ‚
576 867 806 947 aliisque
855 867 1281 929 circumstantiis
1325 871 1563 930 multum
1604 887 1702 928 va·

227 954 367 1013 riare
397 953 655 1013 videtur:
701 972 881 1013 verno
916 963 1211 1035 tempore,
1258 970 1385 1014 cum
1416 975 1446 1013 e
1477 955 1703 1031 caveiS,

228 1040 282 1099 in
312 1039 514 1118 quibus
540 1039 794 1114 latuere,
839 1040 1153 1121 prodeunt,
1201 1038 1410 1120 spurcae
1443 1038 1591 1115 sunt,
1636 1052 1703 1099 ac

223 1122 438 1202 fuscae3
482 1125 667 1203 postea
713 1144 895 1200 vero,
940 1143 1065 1185 cum
1116 1127 1289 1187 cutim
1342 1126 1488 1187 muci
1538 1126 1703 1186 instar

225 1209 385 1269 semel
438 1210 714 1269 iterumve
774 1229 1030 1279 exuere,
1103 1226 1250 1271 nunc
1308 1211 1484 1271 olivae
1543 1212 1704 1272 instar

225 1297 452 1367 virent,
496 1312 644 1353 nunc
684 1294 1049 1370 nigrescunt,
1093 1313 1242 1358 nunc
1281 1315 1355 1357 ex
1395 1283 1565 1360 rufio
1608 1294 1703 1360 vel

226 1378 383 1441 flavo
423 1378 745 1441 fuscescunt.

327 1553 641 1613 Nonnullae
670 1550 918 1611 maculas
948 1550 1237 1626 exhibent,
1250 1552 1460 1633 plures,
1475 1551 1705 1633 paucio&

224 1657 310 1698 res
338 1657 358 1716 ς
404 1638 649 1713 majores
675 1684 691 1711 ‚
737 1636 1092 1708 minoresve,
1141 1640 1321 1713 nigras
1346 1656 1506 1717 aeque
1531 1655 1597 1697 ac
1628 1655 1704 1698 ex

223 1723 375 1783 fusco
404 1724 705 1796 rubente5‚
746 1721 904 1781 nullo
937 1720 1154 1780 ordine.
1244 1723 1384 1782 Bina
1413 1742 1560 1784 vero
1589 1725 1706 1784 col-

223 1811 263 1870 li
293 1812 484 1870 tubera
518 1820 577 1868 ut
608 1809 907 1888 plurimum
941 1826 1014 1866 ex
1039 1809 1207 1868 rubro
1241 1807 1383 1871 fusca
1415 1808 1550 1870 sunt.
1639 1811 1705 1869 In

225 1897 365 1957 meis
394 1906 618 1967 tamen,
663 1914 807 1975 quos
852 1910 1000 1952 nunc
1045 1904 1304 1954 extremo
1350 1897 1403 1956 in
1435 1905 1704 1956 autumno
1774 1907 1778 1911 ’

224 1981 505 2042 collectos
546 1992 673 2038 ante
713 1980 912 2039 ocllos
944 1979 1161 2052 habeo,
1206 1980 1524 2060 superficies
1553 1982 1709 2061 supe·

226 2068 338 2127 rior
369 2067 658 2147 plumbea,
705 2062 960 2122 verrucis
986 2064 1223 2140 magnis,
1253 2066 1706 2126 minimisveabs·

229 2149 338 2233 que
362 2150 560 2212 ordine
591 2146 834 2209 confrffis
875 2149 1081 2227 obfita;
1127 2149 1353 2211 inferior
1391 2150 1705 2212 subcinerea

231 2255 362 2298 cum
406 2235 641 2298 maculis
685 2235 1072 2295 obsoletiflrrne
1102 2236 1332 2297 cinereis
1362 2236 1468 2298 est:
1510 2247 1702 2298 verru'·

231 2342 316 2387 cae
342 2334 527 2384 tamen
566 2321 635 2382 ad
675 2341 839 2382 anum
870 2323 1213 2403 aquuantum
1242 2324 1478 2398 majores
1506 2322 1701 2382 viden-

232 2420 356 2486 tur,
402 2411 454 2469 ἂι
486 2409 665 2469 rubrae
695 2408 840 2486 sunt;
887 2407 940 2466 in
966 2409 1128 2468 dorso
1156 2409 1327 2468 solum
1355 2409 1701 2484 subrubeHae3

232 2505 290 2557 at
323 2496 508 2555 subtus
546 2495 766 2556 demum
804 2495 968 2573 plane
1006 2495 1460 2574 expallescentes.
1549 2493 1702 2555 Prae-

233 2593 384 2643 terea
416 2581 581 2643 etiam
604 2597 708 2640 nec
737 2578 967 2641 maculae
991 2581 1045 2642 in
1073 2583 1211 2654 hae,
1231 2595 1334 2644 nec
1365 2582 1539 2641 vivus
1558 2579 1702 2661 quis-

231 2684 452 2747 cunque
489 2666 825 2746 conspicitur
853 2668 1024 2725 color.
1112 2672 1297 2728 Aures
1329 2666 1497 2727 etiam
1525 2668 1701 2726 nullas

231 2755 401 2814 valeo
431 2751 695 2830 detegere
715 2800 728 2819 ‚
771 2751 862 2811 etfi
894 2762 1131 2813 meatum
1157 2752 1248 2812 sub
1273 2753 1701 2826 tubercu10,au-

233 2838 434 2897 teriora
466 2837 783 2917 spectante,
827 2839 1093 2900 reclinato
1131 2838 1442 2913 detexerit,
1491 2839 1546 2897 dc
1581 2838 1701 2896 ico-

230 2938 301 2983 ne
324 2922 666 2985 indicaverit
694 2922 937 2999 clafficus
962 2925 1013 2983 in
1043 2923 1187 2985 hisce
1229 2923 1428 2984 aucstor
1455 2924 1700 2982 Rom-

237 3027 393 3068 LIUS
440 3029 481 3068 A
532 3012 902 3071 ΒΟΞΕΝΗΟΡ
957 3009 1058 3070 Est
1094 3019 1362 3090 praeterea
1393 3011 1698 3081 adhucpro

243 3092 463 3156 diverso
493 3092 622 3156 sexu
649 3093 973 3162 discrimen:
1018 3098 1156 3158 mari
1179 3110 1381 3176 nempe
1420 3095 1490 3156 ab
1501 3092 1699 3151 „tomen

1438 3175 1615 3254 magis
