1895 3389
548 153 1286 240 PRAELOQUIUM·
1429 169 1432 173 ’
1569 165 1723 232 15,

324 323 488 388 Ordo
519 331 705 385 autem
733 367 751 397 ,
809 340 924 402 quo
968 319 1024 379 in
1060 314 1413 397 experiundo
1458 332 1662 396 proce-

186 413 378 479 datur,
423 410 696 480 tenendus
735 409 811 468 est
836 426 853 465 ε
906 404 1087 486 primo
1133 420 1370 483 namque
1418 401 1521 461 rite
1567 417 1662 460 co-

187 496 497 576 gnoscenda
525 503 595 556 est
619 494 829 575 species
843 537 862 567 ,
889 508 1015 572 quae
1039 489 1094 549 in
1109 491 1553 566 experimentum
1569 487 1669 546 ad-

184 586 454 667 hibetur3
512 581 642 643 dein
686 580 935 654 ejusdem
972 573 1306 650 essentialis,
1362 591 1604 654 quacum
1632 591 1666 634 a

191 667 607 745 congeneribus
647 664 871 736 differt,
903 659 1203 741 quaerenda
1228 659 1315 720 seu
1336 657 1671 719 confirman-

189 755 263 817 da
294 751 609 813 differentia
633 750 726 814 est.
760 776 763 779 ’
811 750 965 810 Tum
990 743 1132 808 viva
1159 748 1427 827 nulloque
1454 745 1668 805 munita

188 839 447 902 antidoto
471 836 789 913 objicienda
818 835 936 896 sunt
960 832 1242 894 animalia:
1280 848 1348 891 ac
1378 830 1563 911 primo
1593 829 1672 890 ef-

193 924 380 987 fectus
416 922 673 995 notandi,
705 941 846 1003 quos
876 936 1154 980 venenum
1180 917 1353 997 perse
1371 914 1673 996 producitt,

188 1021 312 1073 tum
358 1009 518 1069 varia
571 1007 878 1083 ingerenda
896 1050 912 1080 ,
969 1004 1203 1067 notandi
1241 1002 1508 1065 successus
1538 1002 1676 1064 boni

191 1095 431 1169 malive,
460 1095 648 1154 donec
673 1093 746 1155 ad
759 1110 957 1153 verum
981 1090 1314 1151 deveniatur
1338 1084 1687 1165 antidotum,

191 1183 358 1263 quale
406 1178 653 1262 provida
703 1178 905 1258 cuique
931 1177 1129 1237 toxico
1173 1171 1482 1256 opposuisse
1524 1173 1680 1235 vide·

192 1276 283 1328 tur
305 1273 512 1325 natura.
556 1263 777 1324 Eadem
805 1263 1106 1323 tentamina
1132 1260 1487 1342 postmodum
1514 1259 1677 1319 vario

192 1352 289 1411 sub
318 1351 449 1409 coeli
475 1347 733 1424 climate,
760 1347 934 1409 variis
961 1347 1016 1407 in
1051 1347 1180 1406 anni
1208 1344 1558 1423 temporibus
1580 1344 1683 1404 rei-

194 1434 424 1498 teranda
452 1433 603 1508 sunt,
631 1433 817 1493 donec
844 1432 1146 1513 compulsis
1174 1430 1441 1491 omnibus
1471 1426 1682 1489 mansu-

196 1540 256 1582 ra
285 1517 599 1580 deducatur
617 1518 920 1578 conclufio.

325 1605 457 1680 Ego
477 1602 742 1684 profecto
769 1604 960 1665 oblata
988 1609 1099 1665 tam
1114 1599 1426 1665 honorifica¹
1447 1598 1682 1662 scriben-

198 1692 262 1752 di
280 1691 574 1750 occafione
604 1690 801 1765 majori
829 1689 1014 1747 animo
1040 1707 1158 1747 rem
1194 1686 1472 1764 aggressus
1500 1685 1686 1752 essem,

199 1778 238 1836 1'1
268 1773 546 1835 accersere
570 1772 711 1834 intra
733 1775 839 1832 hos
860 1773 1132 1853 temporis
1161 1773 1366 1831 limites
1394 1772 1586 1832 varios
1608 1788 1687 1830 ex

202 1860 432 1924 remotis
448 1857 599 1919 orbis
621 1859 872 1934 partibus
900 1856 1125 1917 licuisset
1140 1857 1352 1916 incoias
1368 1903 1381 1924 ‚
1404 1873 1552 1917 nunc
1568 1851 1687 1916 uni-

203 1964 291 2008 cae
330 1943 705 2006 circumscribi
763 1941 1008 2003 Austriae
1063 1941 1340 2002 inferioris
1396 1941 1690 2021 reptilibus

205 2032 528 2114 opusculum
561 2030 709 2103 hoc,
746 2031 838 2088 etsi
868 2047 982 2087 non
1009 2028 1320 2103 voluerim,
1362 2027 1480 2107 pati
1502 2027 1691 2088 debui.

335 2117 453 2178 Sed
476 2116 552 2177 ita
596 2115 780 2174 saltem
826 2114 983 2175 volui
1023 2113 1228 2194 exequi
1259 2113 1576 2188 confilium,
1630 2119 1693 2174 ut

206 2204 393 2285 primo
424 2202 626 2263 incolis
667 2206 925 2260 accurate
962 2198 1295 2275 indicarem,
1326 2216 1582 2277 quaenam
1616 2216 1695 2258 ex

208 2291 298 2351 his
326 2288 534 2369 species
572 2286 729 2346 omni
753 2284 1079 2346 devitandae
1105 2287 1208 2347 sint
1235 2284 1415 2345 studio
1432 2330 1445 2351 ‚
1479 2286 1534 2345 &
1560 2301 1690 2364 qua-

208 2395 334 2436 rum
368 2381 565 2435 contra
595 2373 761 2432 liceat
788 2380 1149 2432 contemnere
1182 2371 1374 2431 minae.
1418 2373 1617 2450 Atque
1637 2369 1695 2430 in

212 2481 340 2520 eum
368 2459 534 2519 finem
563 2457 745 2537 primo
766 2456 1099 2533 rejiciendas
1130 2458 1330 2539 putavi
1354 2456 1696 2515 Linnaeanas

213 2544 557 2607 differentias
585 2562 660 2603 ex
696 2542 973 2603 scutorum
1000 2543 1478 2624 squammarumve
1507 2559 1700 2600 nume-

216 2650 283 2691 ro
301 2676 318 2704 9
344 2640 462 2690 tum
486 2628 641 2710 quod
666 2628 892 2691 fallaces
919 2631 1054 2705 sint,
1083 2629 1137 2687 ἃ
1177 2630 1231 2693 in
1256 2646 1362 2687 una
1387 2623 1702 2707 eademque

215 2715 397 2796 specie
423 2715 715 2796 plurimum
734 2715 965 2792 ludant3
996 2722 1114 2774 tum
1143 2711 1294 2792 quod
1324 2713 1378 2775 in
1407 2711 1583 2787 vim,
1601 2711 1698 2771 ubi

218 2801 520 2882 plurimum
538 2799 756 2860 interest
770 2847 786 2876 ‚
811 2800 840 2860 s
832 2802 1055 2882 peciem
1077 2798 1228 2859 noss'e
1243 2845 1260 2876 ,
1273 2815 1559 2860 numerare
1575 2798 1698 2858 haec

221 2906 340 2956 non
361 2887 557 2947 liceat:
583 2885 822 2966 ideoque
849 2887 981 2946 alias
1004 2884 1060 2944 &
1084 2899 1268 2948 novas
1296 2882 1541 2944 substitui
1565 2881 1700 2942 defi-

223 2972 620 3047 nitione5‚n0n
647 2990 751 3052 pro
779 2971 976 3032 nostris
998 2968 1272 3048 indigenis
1293 2971 1467 3032 solum
1492 2966 1704 3048 reptili-

225 3057 361 3136 busa
393 3075 530 3143 quas
567 3056 723 3122 licuit
765 3075 840 3125 ex
873 3055 1120 3142 autopsia
1159 3059 1215 3121 ὅ(
1251 3055 1552 3139 specierum
1575 3050 1702 3132 ipsa*-

787 3182 792 3185 ·
1490 3157 1614 3206 nim
