1895 3389
233 163 317 232 16
585 154 1338 245 PRAELoQUIUM.

221 340 343 382 rum
375 319 683 384 collatione
701 318 1017 395 desumere,
1067 319 1159 382 sed
1183 321 1240 383 &
1268 320 1324 384 in
1355 319 1600 383 exoticis
1627 339 1706 386 ex

217 408 447 468 iconum
473 407 919 489 praestantiorum
947 407 1089 484 fide,
1130 416 1249 470 tum
1282 418 1345 471 ut
1374 408 1705 470 concinnio-

217 514 333 554 rem
370 493 481 576 ipse
506 493 681 557 mihi
666 495 982 559 mvenirem
1008 494 1292 563 ordinem,
1334 514 1446 577 quo
1478 495 1704 574 experi-

217 599 269 640 m
276 589 406 643 enta
431 600 554 641 mea
577 599 991 680 proponerem,
1021 600 1188 662 quam
1217 590 1278 644 ut
1313 581 1470 660 aliis,
1508 580 1708 642 diffici-

216 671 325 727 iem
362 676 659 749 ceterum,
704 668 863 732 viam
898 668 1257 749 expedirem,
1315 689 1424 750 qua
1473 667 1708 752 posthac

214 755 382 816 telam
404 753 695 839 inceptam
722 754 1081 838 perficerent
1125 755 1344 818 Praeter
1372 753 1485 816 hoc
1500 753 1710 815 exacte

216 843 492 902 adnotare
539 849 812 921 eventuS,
859 843 958 923 qui
997 859 1072 901 ex
1111 842 1338 919 fingulae
1379 839 1579 922 speciei
1616 838 1707 902 seu

217 927 434 1000 morsu,
484 927 570 989 seu
600 928 810 1001 halim,
839 930 927 991 seu
954 927 1147 1002 urina,
1173 929 1260 991 seu
1288 924 1436 992 lacte
1473 945 1707 989 veruca-

215 1034 338 1075 rum
365 1016 474 1075 &a
511 1013 763 1077 oriantur
790 1014 823 1079 ’ἐ
909 1017 1058 1099 Quae
1090 1014 1407 1078 differentia
1450 1019 1707 1093 exparte

212 1101 468 1163 animalis
508 1100 856 1176 mordentiS,
896 1103 983 1162 seu
1010 1102 1207 1176 morfi,
1231 1102 1319 1161 seu
1355 1101 1533 1183 partis
1559 1118 1707 1160 mor-

210 1187 308 1260 sae‚
336 1186 422 1246 seu
462 1187 608 1262 ejus,
665 1206 832 1270 quam
864 1207 1148 1249 venenum
1175 1190 1444 1265 singulum
1486 1185 1708 1264 sympa-

208 1275 358 1333 theia
387 1271 644 1352 specifica
672 1286 821 1334 amat
846 1273 1153 1352 affeci-areg
1196 1273 1438 1354 denique
1465 1270 1707 1332 effectus

209 1359 295 1419 seu
326 1368 516 1418 motus
540 1358 692 1420 aucti
718 1358 804 1418 seu
836 1359 1023 1419 sublati
1047 1378 1153 1439 pro
1184 1360 1280 1421 tali
1305 1362 1398 1419 vel
1430 1360 1536 1420 alia
1563 1374 1708 1436 prae-

209 1442 567 1525 dispositione
618 1445 846 1526 praecise
886 1443 1164 1522 definire,
1211 1446 1523 1506 avidiffime
1566 1461 1705 1503 con-

210 1530 388 1593 tendi.

336 1613 563 1678 Ultimo
600 1609 891 1687 antidota,
935 1631 1064 1695 quae
1090 1630 1199 1696 pro
1228 1610 1556 1679 diversitate
1579 1634 1704 1677 om-

210 1703 367 1765 nium
400 1704 599 1762 harum
622 1700 1158 1762 circumstantiarum
1201 1703 1417 1765 auxilio
1446 1705 1584 1779 fint,
1612 1703 1701 1763 seu

206 1809 322 1851 non
345 1791 483 1862 sint,
515 1785 603 1849 seu
632 1794 875 1848 mortem
897 1787 1067 1846 etiam
1093 1788 1433 1855 accelerent,
1480 1799 1598 1851 tum
1629 1807 1706 1851 ex

206 1878 360 1937 vasta
399 1873 678 1951 farragine
708 1875 1284 1949 medicamentorum,
1341 1893 1469 1954 quae
1515 1874 1707 1935 hacte-

203 1982 308 2024 nus
341 1961 413 2023 ad
441 1961 643 2021 similes
680 1960 911 2019 morbos
955 1957 1111 2020 varia
1140 1959 1254 2020 fide
1300 1960 1706 2025 laudabantun

205 2059 327 2109 tum
371 2047 546 2110 variis
587 2044 710 2105 aliis
747 2045 837 2106 seu
875 2044 1087 2105 usitatis
1122 2045 1566 2124 vegetabilibuS,
1612 2046 1703 2106 seu

205 2135 746 2196 medicamentorum
786 2131 1016 2193 nomine
1050 2131 1298 2214 nondum
1324 2132 1564 2192 laudatis
1602 2153 1703 2191 ve-

207 2241 266 2281 ra
285 2266 303 2296 ,
331 2231 517 2298 certa,
546 2215 854 2279 infallibilia
873 2216 1170 2298 cupiebam
1198 2217 1509 2299 exquirere.
1540 2219 1586 2280 I.
1612 2218 1701 2280 Ut

205 2307 465 2384 neglecta
492 2304 771 2378 remedia,
798 2306 834 2365 fi
864 2305 1042 2374 bona,
1067 2325 1143 2367 ex
1163 2305 1382 2382 ingrata
1406 2305 1702 2370 ⁴vindicen-

203 2403 297 2455 tur
331 2395 678 2467 oblivione,
660 2407 675 2422 ·
721 2388 800 2451 ΙΙ.
839 2392 926 2452 Ut
956 2389 1133 2466 justa,
1172 2390 1261 2452 sed
1292 2409 1434 2469 vaga
1467 2390 1580 2451 fide
1601 2392 1696 2450 ha-

207 2480 405 2542 ctenus
434 2477 688 2553 laudata,
745 2476 1231 2540 confirmationem
1273 2495 1386 2538 non
1414 2477 1577 2536 solum
1609 2493 1699 2537 ac-

203 2566 494 2646 ciperent,
525 2564 616 2625 sed
643 2562 817 2624 etiam
825 2563 910 2632 ad
936 2562 1120 2623 casum
1142 2560 1464 2644 specialem,
1499 2563 1556 2622 in
1583 2581 1698 2643 quo

201 2648 324 2710 fors
363 2650 478 2711 solo
506 2650 882 2723 conveniunt,
921 2647 1130 2708 rectius
1156 2652 1530 2726 reducantur3
1577 2649 1690 2709 ΙΙΙ.

206 2736 295 2797 Ut
325 2755 475 2797 nova
509 2735 578 2797 ad
604 2755 792 2799 novos
818 2733 969 2797 casus
995 2753 1029 2792 e
1051 2748 1269 2797 naturae
1295 2736 1330 2795 s
1316 2755 1407 2795 nu
1435 2745 1699 2796 eruantur

209 2822 545 2885 alexiteria:
606 2823 642 2880 fi
677 2824 834 2885 aliter
859 2829 1095 2903 gcertum
1122 2866 1140 2896 ,
1196 2832 1452 2883 naturam
1482 2822 1701 2881 nullum

214 2908 422 2968 habere
451 2906 738 2982 toxicum,
795 2908 888 2968 cui
921 2925 1036 2967 non
1067 2908 1232 2966 etiam
1262 2907 1576 2967 antidotum
1606 2907 1704 2968 ad-

210 2992 644 3069 mensuraverit3
703 3012 772 3057 ac
836 2993 1061 3054 demum
1106 2992 1213 3056 IV.
1264 2995 1348 3054 Ut
1393 3012 1462 3054 ne
1505 2992 1697 3072 vanis,

217 3079 504 3142 inutilibus
530 3124 550 3156 ,
604 3075 899 3145 fallacibus
941 3078 998 3140 in
1039 3080 1163 3141 casu
1221 3088 1452 3165 urgente
1487 3074 1701 3139 fidatur‘

1527 3178 1614 3222 re·-
