1895 3389
454 194 1331 261 REPTILIUM.
1480 213 1616 282 209

161 361 345 443 dam,
374 357 481 429 fibi
505 384 540 428 a
584 358 722 429 Cel.
750 359 1139 449 JACQUINO
1168 381 1289 449 pro
1317 384 1390 430 re
1414 362 1631 432 rariffi-

161 481 263 527 ma
293 478 382 525 ex
426 460 737 525 America
769 457 1039 525 allatam.
1139 456 1533 551 Redigendo
1566 462 1629 528 in

158 554 499 644 pulverem
529 554 717 623 foetor
745 550 1026 642 sparsus„
1058 556 1165 643 qui
1211 554 1399 625 tusori
1425 557 1633 625 vomi-

161 664 294 717 tum
327 648 655 737 causavitg,
704 648 1057 742 ingeffimus
1100 651 1414 721 columbae
1460 675 1632 746 mag·

161 768 306 814 nam
354 746 547 814 dofim
572 796 595 830 ‚
645 767 832 835 quam
871 745 993 813 fine
1039 749 1326 832 vomitu,
1362 761 1465 815 aut
1504 750 1630 818 alio

163 841 592 933 symptomate
636 842 795 910 ultra
846 841 1074 910 horam
1121 845 1277 912 tulit.
1375 843 1633 917 Verum

161 939 290 1006 hoc
319 941 465 1007 licet
510 940 742 1006 munita
774 938 1060 1007 antidoto
1089 990 1111 1024 ‚
1162 954 1375 1008 tamen
1401 964 1437 1008 a
1465 962 1631 1013 mor-

161 1037 229 1102 su
263 1036 416 1103 intra
446 1034 877 1104 breviffimum
903 1050 1192 1122 tempuS‚
1221 1036 1287 1103 &
1319 1057 1466 1104 cum
1484 1057 1632 1109 con-

162 1130 548 1200 vulfionibus
575 1130 1133 1200 vehementiffimis
1163 1145 1342 1222 rapta
1370 1132 1476 1201 est.

237 1301 719 1384 E'XPERIM
740 1310 1146 1386 ENTUM
1213 1311 1574 1385 LXXXIII.

712 1444 829 1502 Die
871 1440 1085 1500 eadem.

308 1558 655 1650 Supererat
711 1561 919 1627 adhuc
974 1559 1326 1649 camphora
1351 1611 1375 1644 ‚
1419 1585 1457 1630 a
1508 1585 1634 1653 qua

168 1670 474 1750 quantum
513 1655 751 1749 sperari
779 1653 964 1744 poffit
989 1703 1006 1733 ‚
1067 1654 1359 1723 omnibus
1398 1657 1486 1724 est
1523 1680 1636 1726 no-

171 1768 324 1824 tum.
422 1753 674 1821 Verum
699 1752 763 1819 &
792 1749 929 1818 haec
973 1764 1201 1819 contra
1241 1752 1517 1822 morsum
1544 1756 1639 1822 vi*

173 1873 346 1943 perae
375 1847 527 1918 nihil
572 1850 767 1934 iuvit„
798 1846 907 1915 sed
937 1847 1294 1929 cuniculu8‚
1324 1871 1469 1917 curn
1502 1873 1636 1939 quo

173 1950 681 2039 experimentum
707 1942 936 2023 fiebat:⁹
964 1943 1157 2030 paulo
1185 1944 1327 2034 post
1363 1945 1639 2042 morsum

175 2047 560 2114 cadaverum
588 2061 893 2113 acervum
920 2041 1110 2119 auxit.

188 2207 497 2295 'EXPE
523 2221 891 2322 RIMEN
911 2223 1150 2295 TUM
1219 2218 1592 2293 LXXXIV,

717 2355 938 2417 Eadem
984 2355 1108 2415 Die.

324 2477 825 2568 praeparavimus
869 2481 1059 2548 alium
1118 2472 1475 2545 cuniculum
1510 2471 1645 2562 pul-

182 2595 341 2643 vere
375 2576 651 2652 aconiti,
697 2578 800 2668 qui
845 2594 1074 2668 praeter
1115 2569 1484 2640 saccharum
1524 2567 1644 2636 sex

180 2692 374 2762 grana
401 2668 669 2738 extra&
696 2674 1018 2763 capiebat:
1050 2671 1189 2738 tulit
1214 2667 1444 2736 animal
1479 2662 1646 2732 hanc

185 2767 414 2845 dofim,
453 2764 647 2856 usque
687 2767 834 2838 dum
866 2767 1141 2838 morsum
1178 2764 1413 2833 subiret
1440 2811 1463 2844 .,
1507 2759 1646 2828 abs-

185 2886 310 2953 que
353 2862 484 2929 ullo
523 2865 946 2936 incommodo.
1093 2862 1229 2933 Sed
1270 2858 1462 2951 paulo
1508 2855 1648 2946 post

187 2958 500 3046 morsum⁹
532 2978 651 3028 ceu
675 2965 879 3033 omnia
923 2962 1165 3053 reliqua
1184 3010 1206 3047 ‚
1231 2957 1467 3050 pariter
1495 2956 1651 3020 inte-

189 3058 304 3136 nit,

877 3169 946 3235 Ο
1406 3159 1557 3227 EX-
