1895 3389
515 143 1391 212 REPTILIUM.
1595 161 1682 229 23

229 311 359 394 ipsae
393 308 596 392 species
638 306 960 368 Linnaeanae
992 304 1049 365 in
1077 306 1262 386 plures
1298 302 1526 366 subinde
1560 305 1694 369 alias

231 404 390 459 erant
407 441 424 468 ,
448 397 524 456 ita
547 392 786 454 ducente
810 389 921 472 ipsa
948 399 1140 452 natura
1157 437 1170 458 ‚
1195 390 1532 452 dirimendae.

359 483 493 541 Tali
521 479 700 541 modo
731 478 990 541 exerevit
1015 475 1334 556 spectabilis
1369 475 1696 558 Amphibio-

231 587 355 628 rum
383 567 658 647 synopsis,
682 563 974 643 multiplici
1000 568 1277 643 oportuna
1302 560 1414 621 usui
1434 608 1453 637 ‚
1498 564 1554 622 ἂι
1581 561 1700 642 qui-

229 653 360 713 dem
384 652 563 732 primo
589 670 605 709 ε
647 658 709 709 ut
729 649 883 709 recte
908 647 1340 708 internoscantur
1366 647 1601 728 specieS‚
1629 647 1700 709 ad

229 757 372 817 quas
408 737 615 797 debent
657 733 1038 814 subsequentia
1083 730 1465 813 experimenta
1508 730 1701 794 referri

228 822 509 905 (habitura
522 823 632 882 fine
657 820 768 879 hoc
791 820 993 880 sortem
1023 816 1478 880 observationum
1497 864 1517 894 ‚
1541 837 1572 878 a
1588 818 1700 877 Ve-

230 909 469 968 teribus:
513 906 840 980 Aristotele,
882 899 1312 986 Theophrasto,
1343 902 1703 980 Dioscoride,

225 992 418 1053 Plinio
453 994 561 1055 ὅτε.
616 990 985 1066 traditarum,
1055 1007 1180 1071 quae
1223 1007 1351 1049 cum
1402 989 1692 1051 nominum

221 1076 586 1140 evanescente
626 1078 895 1138 memoria
947 1084 1240 1156 coeperunt
1302 1076 1543 1139 utilitate
1613 1094 1706 1137 ca-

223 1183 343 1224 rere
367 1210 386 1239 ,
441 1184 605 1243 quam
643 1160 951 1222 habuissent
1002 1162 1306 1222 maximam
1334 1206 1352 1235 ,
1398 1163 1434 1220 fi
1483 1162 1701 1239 operosi

225 1258 430 1308 caetera
454 1249 581 1308 Viri
618 1247 845 1307 nomina
881 1268 1105 1326 quoque
1138 1247 1437 1306 aeternitati
1472 1246 1705 1326 reliquis-

222 1331 337 1393 sent
362 1329 632 1413 definita).
680 1331 977 1394 Secundo:
1009 1332 1094 1391 Ut
1118 1331 1321 1390 incolae
1347 1329 1464 1390 solo
1486 1331 1705 1407 habim,

222 1417 280 1474 δι
307 1416 488 1495 primo
517 1416 661 1494 quasi
686 1416 889 1474 obtutu
921 1414 1232 1474 discernant
1262 1417 1546 1488 animalia,
1577 1434 1704 1496 quae

219 1497 414 1577 fugere
437 1507 701 1581 oportet,
716 1498 938 1579 optimo
950 1499 1181 1560 consilio
1200 1498 1212 1561 Ξ
1228 1500 1433 1561 Tertio
1451 1524 1469 1561 τ
1492 1502 1577 1561 Ut
1592 1520 1704 1560 me-

220 1585 670 1646 dicamentorum
725 1583 1111 1664 specificorum
1156 1585 1426 1646 habeatur
1468 1585 1703 1647 selectus

221 1689 327 1750 pro
357 1670 679 1730 diverfitate
704 1669 905 1746 speciei
940 1669 1195 1729 laedentis
1217 1714 1234 1744 ‚
1277 1671 1412 1730 dum
1443 1673 1558 1748 jam
1586 1690 1703 1732 non

223 1764 353 1830 eget
376 1751 759 1812 numeratione
796 1751 1076 1812 scutorum
1107 1751 1474 1829 fallaciffima‚
1516 1756 1606 1816 sed
1628 1775 1704 1816 ex

220 1838 539 1900 differentia
566 1834 806 1895 faciliori
848 1837 905 1894 in
948 1840 1146 1896 oculos
1181 1838 1496 1902 incurrente
1538 1842 1705 1901 inter-

222 1923 479 1986 noscitur.
596 1921 849 2003 Quarto:
903 1921 988 1981 Ut
1048 1922 1144 1982 via-
1189 1922 1261 1984 iis.
1327 1925 1704 2006 expediatur,

218 2009 535 2090 quicunque
570 2005 627 2066 in
653 2006 773 2068 aliis
798 2007 958 2067 terris
995 2026 1122 2069 cum
1149 2008 1251 2068 suis
1288 2011 1617 2073 animalibus
1641 2014 1704 2071 fi-
1748 2019 1751 2023 '

220 2093 370 2155 milia
412 2093 802 2174 experimenta
858 2095 1148 2155 voluerint
1197 2097 1527 2157 continuare
1554 2142 1573 2171 ‚
1629 2098 1701 2159 ad

218 2179 620 2242 absolvendam
653 2179 799 2239 hanc
839 2180 1211 2256 gravissimam
1239 2183 1551 2248 Medicinae
1573 2203 1710 2268 par..

218 2275 344 2328 tem0
