1895 3389
290 210 434 267 210
676 192 741 254 H
791 196 823 256 I
873 189 915 256 S
968 194 1027 256 T
1075 194 1138 256 O
1183 192 1245 257 R
1295 195 1330 257 I
1378 200 1437 258 A

345 324 1270 458 EXPERJMENTUM
1336 371 1675 447 LXXXV.

843 504 951 567 Die
992 507 1203 568 eadem.

428 632 743 706 Mercurii
777 635 879 702 vis
920 634 1000 703 ad
1034 630 1511 726 syphilitidem‚
1549 629 1629 698 ad
1659 652 1771 700 va-

282 732 474 805 riolas
497 783 521 817 ‚
544 732 625 801 ad
655 734 894 820 pestem
930 730 1224 824 specifica
1243 783 1262 817 ‚
1297 731 1639 821 multiplex
1666 751 1772 797 an-

280 830 550 900 tidotum
589 828 721 917 est3
755 831 1077 898 voluimus
1126 852 1287 923 ergo
1327 830 1514 898 etiam
1547 841 1771 896 contra

277 931 647 1020 viperinum
703 932 992 995 toxicum
1036 941 1291 996 tentare.
1391 924 1770 1019 Ingeffitnus

278 1047 445 1117 ergo
502 1025 823 1094 columbae
875 1024 1036 1093 binis
1075 1043 1217 1094 ante
1267 1023 1546 1093 morsum
1591 1021 1770 1091 horis

278 1126 575 1191 mercurii
606 1122 808 1191 dulcis
849 1146 945 1216 gr.
987 1141 1089 1191 11.
1122 1146 1148 1212 3
1189 1139 1506 1192 mortuum
1558 1133 1770 1189 tamen

278 1220 508 1286 animal
531 1269 551 1300 ,
587 1215 694 1286 sed
727 1220 1055 1288 lentilfime
1078 1271 1097 1302 ,
1129 1220 1195 1289 &
1226 1221 1476 1313 absque
1503 1216 1771 1287 convul-

278 1315 554 1386 sionibus
586 1320 692 1393 est.

371 1496 1291 1571 EXPERIMENTUM
1354 1494 1720 1567 LXXXVI.
1798 1499 1802 1504 ’

815 1628 930 1688 Die
976 1628 1190 1710 eadem.

419 1748 749 1821 Cuniculo
812 1775 981 1823 vero
1047 1751 1430 1820 mercurium
1483 1771 1773 1845 gummo·

280 1851 449 1934 sum,
474 1850 699 1918 nobile
729 1852 1058 1920 inve-ntum
1080 1846 1484 1918 celeberrimi
1515 1849 1775 1918 Chirur-

277 1953 341 2041 gi
373 1949 757 2015 PLENCKII
796 2001 813 2027 ‚
857 1947 1234 2034 ingeffimus.
1334 1949 1599 2016 Animal
1640 1944 1772 2014 hoc

278 2045 682 2115 medicamen
719 2065 842 2111 non
877 2043 1080 2111 solum
1126 2041 1400 2112 libenter
1426 2093 1449 2126 .,
1490 2043 1603 2112 sed
1629 2045 1762 2110 avi·

278 2144 363 2209 de
410 2140 701 2234 deglutiit
727 2192 752 2227 9
796 2141 966 2231 quasi
1009 2141 1272 2210 multum
1321 2142 1536 2234 gratiae
1577 2138 1768 2209 habe·

280 2254 417 2325 ret,
443 2242 631 2306 etiam
682 2238 851 2305 bene
879 2287 904 2321 o
950 2240 1014 2307 &
1081 2241 1239 2306 citra
1281 2239 1763 2307 incommodum

279 2337 428 2405 tulit.
531 2334 971 2404 Admovimus
1000 2352 1143 2404 tune
1174 2358 1412 2403 novam
1444 2338 1767 2426 viperam‚

281 2456 422 2528 qnae
456 2432 696 2503 summa
721 2455 863 2502 curn
906 2435 1215 2501 violentia
1251 2433 1471 2518 dentes
1509 2435 1651 2502 suos
1679 2432 1768 2500 bi-

175 2539 178 2542 ”
282 2556 401 2602 nos
428 2545 783 2601 venenatos
818 2534 877 2598 in
927 2531 1289 2599 abdominis
1335 2531 1533 2614 latim,
1583 2530 1767 2620 quod

282 2646 467 2700 antea
514 2632 656 2720 pilis
700 2629 1209 2712 nudaveramus.,
1243 2625 1481 2698 infixitx
1513 2627 1592 2696 ab
1632 2626 1768 2695 hoc

279 2726 500 2796 morsu
538 2726 779 2794 nullum
824 2724 1195 2818 symptoma
1242 2725 1648 2815 supervenit,
1701 2724 1768 2800 ἃς

283 2825 516 2895 animal
539 2845 660 2913 per
702 2822 1063 2893 cubiculum
1107 2826 1417 2903 cucurrit,
1454 2823 1650 2891 veluti
1679 2820 1769 2889 sa-

281 2943 464 2999 num,
511 2923 642 2987 imo
681 2922 963 2989 comedit
991 2920 1207 3011 postea
1237 2918 1345 2987 fibi
1372 2918 1766 3002 oblata-folia

281 3017 565 3085 braflicae
607 3036 754 3085 cum
796 3021 1079 3108 appetitu
1111 3069 1137 3107 ,
1195 3018 1262 3089 δι
1312 3016 1479 3087 vivit
1507 3019 1569 3091 in
1599 3015 1762 3089 hanc

279 3111 520 3183 horam.

1517 3207 1668 3276 EX-
