1895 3389
402 166 1587 292 REPTILIUM.123¹

117 357 321 441 spersas
362 361 610 435 habent,
662 375 787 440 quae
830 357 884 417 in
930 329 1079 443 lateri
1086 355 1189 415 bus
1221 400 1239 430 ‚
1304 356 1359 415 &
1396 374 1574 451 prope

115 454 333 505 artuum
393 447 656 506 articulos
713 446 989 506 eleganter
1043 439 1268 501 subinde
1332 442 1574 503 miniatae

109 529 247 590 sunt.
302 530 507 592 Oculi
560 529 762 610 pallide
807 528 1033 590 flavent.
1115 526 1374 605 Pupilla,
1443 527 1576 587 dum

111 617 462 681 contrahitur
491 661 507 690 ‚
552 636 664 675 non
706 610 1067 677 transversam
1094 658 1108 677 ‚
1157 612 1246 672 sed
1285 612 1577 691 perpendi-

110 702 355 762 cularem
410 704 603 760 rimam
651 699 801 760 facit.
879 696 1127 758 Pedbus
1162 698 1384 776 posticis
1422 697 1580 774 digiti

112 794 236 847 tota
287 786 373 848 sua
418 784 537 846 fere
576 783 921 860 longitudine
959 782 1310 858 junguntur·
1293 830 1313 861 ‚
1370 785 1577 876 plantae

110 888 254 932 vero
292 871 476 931 iisdem
520 890 700 948 ungue
747 868 930 949 spurio
977 885 1200 931 corneae
1245 868 1468 932 duritiei
1504 868 1581 932 in-

109 955 431 1039 struuntur,
475 976 586 1038 quo
623 956 888 1017 videntur
924 953 1087 1015 instar
1121 953 1371 1014 calcanei
1408 953 1503 1015 uti.

377 1108 1325 1172 VARIETATES.

129 1306 133 1310 „
239 1231 477 1292 Nonnifi
533 1230 696 1292 sexus
744 1231 1052 1293 discrimina
1109 1231 1266 1290 sunt:
1320 1228 1451 1289 mari
1491 1228 1584 1287 ab·

116 1314 325 1382 domen
378 1318 634 1376 unicolor
661 1362 675 1382 ‚
729 1317 860 1377 albo
889 1352 908 1361 ·
935 1316 1253 1376 flavescens.
1334 1315 1584 1377 Feminae

113 1403 400 1461 cinereum
426 1449 440 1472 ‚
494 1400 728 1461 cinereis
763 1401 1180 1462 saturatioribus
1215 1401 1448 1459 maculis
1491 1417 1585 1460 va-

112 1502 268 1549 rium.
314 1531 317 1533 —

423 1606 1265 1680 HABITATIO.

116 1816 139 1873 t
239 1727 308 1785 In
335 1725 668 1804 paludibuS,
711 1726 972 1787 rarissime
998 1723 1382 1809 hospitantur
1366 1742 1421 1787 ln
1453 1739 1590 1786 con

143 1808 338 1872 inente.

585 1931 645 1989 V
687 1933 717 1991 I
759 1888 808 1991 C
854 1931 914 1989 T
959 1931 1019 1992 U
1062 1931 1117 1993 S.

241 2050 341 2113 Ex
375 2049 594 2121 insectis
622 2044 656 2125 ‚⁷
684 2050 1003 2119 vermibus.

608 2190 1090 2273 MoREs.

249 2327 432 2386 Iratus
458 2326 718 2386 foetorem
742 2327 975 2408 spargit,
1022 2329 1167 2409 quasi
1191 2328 1302 2389 allii
1331 2324 1582 2397 contufi,

119 2413 441 2488 lachrymas
469 2412 634 2470 etiam
664 2432 741 2473 ex
770 2415 945 2475 oculis
974 2415 1318 2491 elicientem,
1363 2409 1572 2490 aliquid

119 2499 251 2559 tetri
300 2499 453 2558 fimul
490 2497 562 2555 de
602 2499 833 2577 pulvere
877 2503 1050 2581 pyrio
1103 2500 1332 2562 accenso
1371 2495 1592 2578 partici-

122 2595 365 2665 pantem
424 2585 562 2643 Mas
601 2584 899 2645 coaxando
931 2605 1122 2665 parum
1155 2585 1345 2664 gratiae
1385 2581 1593 2660 habete,

125 2669 327 2731 {emina
371 2670 543 2730 solum
587 2669 779 2745 grunit.
826 2671 1185 2751 Copulantur
1214 2671 1395 2754 primo
1420 2684 1595 2745 veret,

126 2773 246 2817 mas
294 2757 529 2836 pedibus
583 2754 777 2816 anticis
835 2757 1096 2821 feminam
1160 2759 1308 2817 circa
1373 2754 1598 2814 lumbos

126 2859 311 2924 prope
350 2843 524 2919 pedes
565 2839 807 2918 posticos
853 2841 1228 2918 constringit,
1284 2841 1340 2900 &
1377 2827 1505 2899 fort
1511 2848 1595 2898 ter

128 2946 232 3009 per
274 2929 478 2987 multos
517 2925 637 2984 dies
680 2927 890 2990 retinet.
969 2928 1060 2989 Ita
1100 2929 1253 2989 simul
1307 2925 1380 2985 ad
1418 2922 1593 3005 super-

127 3012 215 3080 fic
210 3030 310 3072 6111
341 3029 499 3091 aquae
527 3020 785 3083 enatant
818 3013 910 3096 qui
940 3014 1059 3073 aliis
1091 3014 1217 3075 anni
1244 3010 1595 3092 temporibus

123 3100 229 3163 vix
255 3144 276 3179 ,
334 3110 429 3161 aut
473 3115 544 3160 ne
594 3099 698 3164 vix
746 3095 795 3158 se
831 3099 1113 3163 videndos
1152 3099 1454 3183 praebent·
1437 3140 1457 3172 ‚
1500 3093 1588 3161 sed.

1259 3212 1265 3218 -
1326 3194 1493 3243 etiam
