1895 3389
388 145 1289 221 REPTILIUM.
1436 167 1567 237 213

117 323 251 400 buli
282 325 626 398 infudimus.
703 321 990 392 Retinuit
1016 321 1176 392 hanc
1222 319 1396 390 dofin
1423 332 1590 389 catu·

122 431 258 510 lus.,
284 447 489 515 neque
535 422 1006 490 incommodum
1051 421 1197 488 inde
1242 418 1588 487 Videbatur

123 528 270 618 pati.
367 521 509 588 Post
546 516 920 586 semihoram
966 518 1373 585 admovimus
1421 515 1590 583 fero-

110 622 426 691 ‚ciffimam
469 619 752 706 viperam
780 662 803 695 .,
842 634 986 706 quae
1017 637 1163 683 eum
1200 614 1427 682 acriter
1457 634 1593 680 mo-

125 716 360 787 mordit
393 765 415 797 .,
472 718 678 804 prim-o
723 712 803 779 ad
849 712 1176 805 genitalia,
1215 724 1353 779 tum
1380 708 1598 777 'adhuc

123 815 206 885 ad
237 811 450 881 nasum
482 859 504 893 ‚
545 809 609 876 δι
650 808 887 878 labium
929 809 1203 877 inferius.
1300 805 1470 887 Index
1495 805 1600 874 ali·

125 928 431 1003 quantum
462 906 624 973 male
653 903 714 972 se
748 904 987 975 habere
1014 905 1180 975 visus
1211 903 1334 989 est,
1362 905 1593 994 &pau-

122 1010 191 1078 lo
222 1008 363 1096 post
407 1003 930 1071 medicamentum
965 1002 1116 1069 bino
1159 1003 1407 1069 vomitu
1453 998 1594 1069 red-

130 1103 308 1172 didit.
402 1099 770 1193 Ingeffimus
815 1098 1012 1166 statim
1051 1100 1272 1166 iterum
1317 1119 1596 1177 novum.²

131 1199 309 1291 quod
335 1196 532 1287 ipsum
566 1199 748 1266 etiam
771 1194 910 1287 post
956 1195 1236 1264 medium
1257 1191 1431 1262 horae
1449 1217 1599 1284 qua·

116 1297 404 1364 drantem
430 1297 781 1363 revomuit:
829 1305 1108 1363 attamen
1129 1294 1288 1359 inter
1316 1290 1452 1359 haec
1455 1291 1591 1378 jam

123 1395 310 1480 caepit
337 1391 546 1458 alacer
576 1390 711 1462 fieri
736 1441 761 1474 .,
808 1413 926 1458 nec
963 1387 1299 1457 videbatur
1345 1388 1482 1478 post
1508 1388 1595 1457 se-

124 1486 395 1557 cundam
426 1483 588 1553 hanc
619 1487 1121 1555 revomitionem
1161 1485 1431 1573 amplius
1462 1509 1592 1553 me·

126 1584 485 1651 dicamento
514 1581 811 1673 indigere.
924 1579 1119 1651 Vivit
1157 1584 1345 1647 etiam
1386 1583 1470 1650 ab
1513 1606 1598 1652 eo

125 1694 421 1770 tempore
451 1675 628 1745 sanus
654 1676 844 1769 usque
877 1679 938 1746 in
964 1675 1129 1747 hanc
1158 1676 1403 1747 horam.

334 1905 1395 1969 COROLLARIUM.

273 2115 434 2190 Ergo
460 2111 686 2174 omnino
710 2112 1123 2174 venenatiffi'ma
1151 2114 1276 2177 haec
1291 2114 1488 2195 vipera
1501 2113 1599 2189 est,

130 2197 224 2262 sed
247 2202 462 2282 primus
504 2201 670 2260 solum
709 2199 962 2274 ejusdem
1006 2198 1217 2260 morsus
1258 2200 1496 2260 absolute
1526 2202 1603 2259 le-

131 2290 298 2350 thalis
330 2286 449 2362 est3
493 2285 868 2367 subsequentes
893 2332 910 2355 ‚
957 2285 1092 2346 dum
1134 2285 1353 2365 sensim,
1395 2286 1603 2347 sensim-

130 2394 244 2453 que
284 2372 457 2447 magis
524 2373 840 2434 exhauritur
919 2372 1124 2433 veneni
1155 2391 1331 2453 penus
1351 2419 1370 2448 ‚
1433 2373 1599 2433 etiam

134 2458 353 2532 sensim,
373 2457 662 2538 sensimque
678 2458 868 2534 *magis
893 2457 1075 2518 effoeti
1089 2504 1106 2533 ,
1125 2458 1180 2517 &
1214 2459 1439 2519 innocui
1465 2458 1601 2520 sunt.

132 2544 357 2607 Vulnus
389 2551 522 2603 tunc
550 2545 654 2604 late
678 2544 919 2605 lividum
949 2545 1156 2605 bonam
1183 2547 1501 2625 prognosim
1525 2546 1603 2606 fa·

123 2631 231 2694 cit.
318 2632 383 2690 In
418 2625 715 2690 discrimine
740 2648 884 2692 vero
909 2630 1224 2707 graviffimo
1241 2678 1256 2699 ‚
1298 2632 1353 2691 in
1379 2652 1493 2713 quo
1511 2651 1600 2694 ars

133 2717 381 2778 salutaris
411 2714 673 2777 hactenus
716 2718 926 2777 nullum
959 2718 1247 2795 cognitum
1291 2718 1483 2782 habuit
1509 2738 1600 2777 an-

133 2803 378 2863 tidotum
406 2801 590 2880 primo
620 2803 753 2864 mihi
785 2821 914 2863 cum
942 2802 1319 2885 expertiffimo
1366 2803 1601 2878 Collega

133 2888 483 2949 WINTERL
529 2885 747 2950 fortuna
787 2890 988 2968 obtigit
1025 2891 1081 2951 in
1126 2890 1341 2967 generis
1370 2891 1598 2950 humani

126 2992 367 3057 perenne
405 2975 838 3122 emolumentgm
866 2965 982 3040 duo
1020 2976 1325 3058 detegendi
1340 2978 1600 3122 Ξηίίἀοῑει

842 3082 877 3144 3
1337 3094 1339 3096 *
1408 3085 1515 3124 EN-
