1895 3389
260 157 394 248 175
637 153 1386 248 Hls‘roier

754 321 1241 386 MORES.

372 443 684 526 Intrepitus
735 444 1018 526 apricatur
1060 445 1118 508 in
1169 445 1282 507 sole
1309 492 1326 523 ‚
1381 447 1559 510 latera
1606 454 1739 515 colli

246 531 509 614 utrinque
537 531 850 592 alternatim
878 527 1069 609 inflat,
1118 531 1499 616 utstrumcfirm
1534 539 1739 601 merito

243 619 620 699 appellaverit
650 618 849 682 Sem.
903 618 1028 681 Vix
1060 620 1290 697 fugatur
1318 622 1589 705 strepitU‚
1635 627 1733 688 nist

240 706 400 766 hoste
438 706 694 766 cominus
721 704 1037 768 accedente
1063 707 1138 769 sui
1168 708 1394 770 roburis
1423 713 1571 792 quafi
1601 730 1736 776 con-

237 792 409 854 scius:
453 790 726 870 fugiendo
750 793 1040 874 strepitum
1066 814 1183 859 non
1212 796 1372 878 edit,
1404 798 1498 861 etii
1527 800 1735 865 nostra·

233 888 352 942 tum
386 880 597 964 sepium
629 879 931 943 maximus.
1350 886 1351 891 ’

364 1054 941 1130 EXPERIME
963 1055 1296 1127 NTUM
1369 1056 1616 1128 XLIX.

712 1189 823 1248 Die
861 1209 959 1269 30.
983 1188 1248 1265 Augusti.

377 1312 516 1383 Hie
543 1311 917 1382 columbam
950 1312 1010 1379 in
1043 1311 1318 1380 articulo
1348 1311 1593 1386 dextro
1635 1312 1726 1383 fe-

231 1417 437 1482 moris
482 1427 659 1480 tanto
705 1410 917 1478 morsu
961 1407 1343 1500 prehendit,
1397 1426 1462 1482 ut
1510 1412 1723 1482 subito

228 1526 430 1580 totam
490 1509 683 1577 cutim
747 1508 911 1574 illius
979 1508 1111 1573 loci
1166 1507 1482 1577 avulserit.
1569 1509 1723 1577 Post

226 1612 506 1701 primum
533 1605 704 1673 hunc
729 1602 1008 1672 morsum
1039 1603 1252 1671 eidem
1283 1605 1493 1674 adhue
1520 1605 1721 1675 semel

228 1708 384 1775 loco
428 1703 894 1783 admovimus.,
980 1711 1048 1770 ut
1094 1698 1269 1791 ipsos
1309 1701 1445 1789 jam
1511 1703 1720 1773 nudos

226 1804 564 1875 morderet
628 1799 975 1873 musculos.
1070 1795 1424 1868 Prehendit
1499 1817 1716 1871 autem

221 1905 442 1972 denuo
470 1903 783 1971 acerrime
814 1950 835 1983 ‚
887 1920 1009 1971 nec
1047 1896 1236 1965 facile
1269 1897 1511 1968 dimifit.
1562 1900 1719 1970 Post

225 2000 367 2068 haee
418 2002 580 2067 cutis
622 1993 906 2065 detra&a
935 1998 1162 2063 iterum
1192 1995 1413 2064 adsuta
1447 1998 1582 2081 est„
1648 1999 1716 2066 &

221 2096 526 2168 columba
568 2096 712 2184 post
765 2091 1310 2162 claudicationem
1369 2095 1549 2164 unius
1588 2098 1714 2165 diei

217 2196 409 2267 facile
459 2191 805 2263 convaluit.

358 2357 1429 2435 EXPERIMENT-UM
1507 2364 1590 2434 L.

770 2492 882 2554 Die
932 2493 1151 2558 eadem.

314 2623 502 2694 Idem
548 2623 780 2691 acriter
834 2620 1188 2690 momordit
1229 2620 1546 2710 juvenem
1602 2642 1704 2689 ca·

211 2744 358 2793 nem
417 2726 476 2791 in
519 2717 866 2790 abdomine
905 2717 1116 2787 adhuc
1164 2718 1462 2812 impubi3
1529 2720 1705 2788 canis

211 2820 542 2890 horrende
574 2817 900 2887 clamavit.
968 2820 1039 2886 A
1071 2816 1284 2888 morsu
1326 2830 1542 2886 tamen
1576 2836 1703 2884 nec

213 2918 503 3013 sanguis,
551 2937 674 2984 nee
699 2912 1008 3009 pundlura
1037 2913 1537 2997 observabatur.,
1587 2910 1701 2981 sed

211 3018 379 3107 plica
423 3017 670 3097 solum,
721 3035 911 3105 quam
956 3035 1192 3102 nempe
1225 3011 1725 3104 prehenderat,

208 3114 500 3185 exstabat
532 3159 557 3196 ‚
634 3109 1187 3204 quemadmodum
1261 3107 1424 3179 solet
1446 3105 1636 3273 dfieri
1670 3126 1697 3195 3

1496 3226 1602 3274 um
