1895 3389
475 175 1368 249 REPTILIUM.
1519 190 1650 257 181

478 361 1358 427 DESCRIPTIO.

317 505 500 585 Caput
521 507 1033 589 depresso-planum
1066 506 1428 585 triangulare,
1453 511 1654 579 atrum,

185 588 277 650 sed
313 593 472 651 labiis
512 594 882 674 superioribus
915 595 987 655 ad
1018 594 1249 653 oculum
1272 589 1438 672 usque
1477 590 1659 667 alb153

183 687 241 737 at
269 679 490 755 singulis
527 679 824 761 squammis
852 681 907 740 in
944 678 1193 755 margine
1222 678 1408 755 nigris.
1483 676 1660 738 Oculi

182 763 308 840 atri.
391 766 640 827 Maxilla
687 766 916 828 inferior
962 766 1148 828 antice
1193 762 1556 844 deliquescit,
1599 760 1659 822 ἂι

182 848 370 910 adhuc
410 851 593 912 minus
621 853 780 916 firma
821 852 899 914 est
925 899 944 928 9
987 870 1055 911 ac
1095 849 1485 932 praecedenti,
1526 848 1661 907 hinc

179 935 252 994 ad
281 934 517 997 morsum
548 939 882 1000 inertiffima.
929 939 1082 1000 Gula
1113 938 1166 997 <31
1193 938 1399 997 labium
1426 930 1663 994 inferius

183 1022 342 1079 alba:
386 1023 519 1082 inde
542 1027 697 1086 tenui
722 1026 1002 1107 principio
1032 1033 1221 1084 ortum
1250 1021 1412 1082 sumit
1438 1021 1659 1080 macula

178 1108 400 1173 similis,
446 1119 543 1170 aut
585 1118 763 1187 magis
797 1113 933 1173 lutei
978 1108 1231 1180 coloris,
1298 1116 1455 1167 retro
1488 1112 1661 1184 caput

178 1193 443 1273 utrinque
481 1194 643 1276 supra
685 1197 1097 1258 commissuram
1141 1192 1501 1254 maxillarum
1540 1193 1657 1250 sita.

177 1279 366 1338 Retro
401 1279 666 1358 singulam
697 1283 802 1344 alia
832 1296 952 1345 atra
974 1326 991 1357 ‚
1038 1290 1298 1351 arcuata,
1344 1295 1472 1358 quae
1502 1277 1660 1336 albas

175 1382 322 1444 pene
360 1373 514 1426 totas
546 1412 565 1441 ,
625 1377 690 1430 ut
736 1370 1052 1430 ocellorum
1092 1362 1511 1445 praegrandium
1544 1360 1661 1442 spe·

173 1449 317 1510 ciem
366 1450 538 1512 faciat
570 1499 584 1520 ‚
641 1457 935 1530 ambiunt,
999 1451 1076 1512 ad
1121 1452 1362 1513 nucham
1414 1448 1561 1509 inter
1606 1443 1661 1505 se

173 1532 528 1597 confluentes
556 1585 574 1612 ‚
633 1558 700 1602 ac
743 1531 901 1601 albas
945 1536 1367 1616 distinguentes.
1464 1531 1661 1596 Prima

172 1620 328 1680 scuta
359 1621 528 1700 usque
561 1626 635 1684 ad
668 1625 832 1685 6tum
875 1625 1022 1700 gulae
1061 1626 1252 1682 album
1291 1622 1535 1680 retinent
1563 1636 1662 1678 co·

174 1706 355 1766 lorem
384 1750 403 1780 ‚
445 1717 564 1765 tum
606 1710 824 1768 macula
851 1755 869 1784 ‚
924 1709 980 1767 in
1020 1707 1209 1767 medio
1246 1707 1535 1778 caerulea„
1579 1705 1660 1764 in-

174 1790 317 1872 cipit
361 1810 635 1874 apparere
664 1841 682 1869 ,
749 1815 864 1855 non
916 1793 1105 1853 sensim
1147 1793 1402 1852 crescens
1443 1807 1544 1871 per
1585 1789 1660 1850 se-

174 1885 451 1957 quenteS‚
471 1917 473 1919 ·
495 1880 585 1940 sed
611 1883 854 1958 eleganti
878 1879 1284 1957 irregularitate
1308 1875 1422 1950 jam
1453 1879 1658 1936 iterum

173 1963 380 2039 major,
416 1963 534 2038 jam
571 1968 786 2042 minor,
830 1968 984 2027 nullo
1013 1962 1369 2026 decrescendi
1397 1963 1494 2021 vel
1523 1959 1662 2020 cres-

173 2050 340 2110 cendi
371 2049 584 2113 ordine.
644 2054 742 2114 Ad
783 2053 984 2115 16rum
1013 2071 1082 2110 ea
1117 2049 1336 2110 macula
1355 2047 1473 2123 jam
1502 2044 1659 2106 lates-

173 2151 307 2196 cens
340 2144 524 2197 totum
567 2140 768 2220 incipit
809 2139 1027 2199 scutum
1082 2152 1368 2217 occupare
1397 2180 1418 2211 ‚
1472 2136 1528 2194 &
1578 2131 1659 2193 ita

173 2241 276 2303 per
320 2220 608 2303 reliquasz,
663 2228 940 2286 maculam
989 2234 1180 2286 tamen
1222 2223 1278 2282 in
1325 2220 1540 2296 fingulo
1579 2220 1657 2277 la-

173 2319 292 2369 tere
317 2352 335 2380 ‚
380 2304 469 2368 seu
511 2309 647 2372 scuti
688 2310 1050 2372 extremitate
1089 2309 1349 2389 utrinque
1381 2305 1655 2385 reliquam

171 2394 350 2468 facit,
396 2395 540 2458 albae
572 2397 722 2476 'quasi
759 2399 815 2458 δι
860 2397 1106 2478 appictae
1145 2394 1442 2475 squammae
1484 2409 1654 2452 aemu-

171 2482 318 2553 lam,
363 2500 492 2561 quae
527 2483 907 2559 magnitudine
950 2484 1213 2563 inaequali
1250 2482 1395 2539 inter
1431 2475 1482 2536 se
1518 2493 1653 2536 con-

174 2569 341 2638 rinno,
375 2569 646 2647 variant,
690 2570 746 2628 δι
787 2569 863 2631 ita
913 2569 986 2630 ad
1041 2586 1207 2630 anum
1264 2563 1434 2646 usque
1469 2563 1652 2622 conti-

170 2660 429 2716 nuantur.
513 2655 731 2716 Caudae
770 2676 912 2718 vero
965 2654 1267 2736 squammae
1302 2648 1651 2727 inaequaliter

169 2740 462 2801 maculatae
499 2740 633 2802 sunt.
705 2738 867 2803 Cutis
913 2740 1148 2826 superne
1190 2736 1487 2819 squammis
1531 2734 1650 2796 sub-

160 2826 314 2902 jecta
367 2834 538 2905 atra3
597 2824 890 2907 squammae
941 2845 1088 2888 vero
1138 2820 1599 2887 cinereo-fuscae
1631 2870 1649 2893 ‚

167 2911 397 2975 subinde
434 2912 490 2972 in
527 2912 637 2972 sole
674 2912 1199 2981 subviridescente3‚
1237 2909 1487 2971 maxime
1517 2925 1648 2968 cum

169 3001 376 3060 animal
403 3000 574 3079 paulo
612 3008 739 3060 ante
765 2999 942 3081 posuit
967 2999 1230 3062 exuvias,
1286 2996 1647 3058 Macularum

169 3087 369 3164 etiam,
416 3085 508 3148 sed
537 3082 906 3150 obsoletarum
932 3131 950 3161 ‚
1000 3085 1248 3167 quinque
1285 3082 1407 3144 sunt
1451 3079 1647 3146 series:

856 3175 930 3230 Μ
971 3193 1006 3249 3
1460 3186 1566 3224 una
